1674 2532
163 118 216 157 28
598 150 600 153 ,
703 126 962 158 GEORGICA.

211 296 375 331 72-122.
435 283 759 332 Herse-breeding.
823 284 900 321 lee
920 284 1053 332 points
1080 282 1128 332 of
1145 295 1169 319 α
1193 282 1293 331 good
1318 282 1434 318 horse.

475 354 510 391 C
508 354 606 391 lzoice
625 355 708 390 and
725 359 929 391 treatment
945 353 994 402 of
1001 354 1187 390 stallz'ons.

219 454 303 490 Nec
334 465 414 490 non
445 459 482 490 et
511 453 642 501 pecori
673 459 731 489 est
760 452 866 490 idem
897 452 1072 489 delectus
1103 451 1260 500 equino.

163 525 227 560 Tu
257 523 391 569 modo,
423 535 523 571 quos
554 523 593 559 in
624 535 735 571 spem
765 529 911 560 statues
941 521 1185 559 summittere
1214 519 1351 569 gentis,

162 595 417 642 praecipuum
450 593 527 630 iam
558 593 651 630 inde
679 605 702 630 a
731 593 874 630 teneris
904 592 1091 641 impende
1120 590 1308 628 laborem.

163 665 367 703 Continuo
398 664 551 712 pecoris
580 663 761 712 generosi
790 663 922 712 pullus
952 662 991 699 in
1021 663 1121 700 arvis
1453 674 1492 706 75

162 736 277 772 altius
310 735 533 783 ingreditur,
567 740 606 771 et
635 734 770 771 mollia
799 745 909 770 crura
939 733 1093 781 reponit
1108 746 1118 780 3

161 807 308 854 primus
338 812 376 842 et
406 805 460 842 ire
489 805 592 841 viam
623 811 661 842 et
691 804 830 842 fluvios
861 810 1012 841 tentare
1042 803 1218 840 minaces

162 877 281 914 audet
311 883 350 913 et
380 876 516 925 ignoto
546 887 631 913 sese
661 875 910 912 committere
940 874 1063 924 ponti,

162 960 235 985 nec
264 960 387 985 vanos
417 947 548 984 horret
578 946 773 995 strepitus.
833 946 894 983 Illi
924 945 1047 983 ardua
1077 945 1206 983 cervix

161 1024 423 1067 argutumque
453 1024 581 1066 caput,
614 1016 742 1055 brevis
772 1018 882 1055 alvus
912 1016 1115 1065 obesaque
1144 1022 1262 1065 terga,
1455 1022 1496 1051 80

163 1089 408 1137 luxuriatque
438 1088 532 1125 toris
562 1088 787 1125 animosum
817 1095 966 1136 pectus.
1028 1087 1201 1124 Honesti

163 1160 342 1208 spadices
371 1159 591 1208 ghucique,
623 1159 733 1195 color
761 1158 994 1195 deterrimus
1024 1157 1123 1195 albis

164 1238 200 1267 et
230 1231 343 1279 gilvo.
402 1231 519 1277 Tum,
552 1230 582 1267 si
613 1242 690 1279 qua
721 1241 864 1266 sonum
894 1229 1030 1278 procul
1059 1240 1169 1265 arma
1198 1228 1355 1274 dedere,

165 1308 265 1338 stare
295 1301 383 1338 loco
413 1300 550 1346 nescit,
583 1300 701 1337 micat
731 1298 892 1337 auribus
922 1306 960 1337 et
989 1299 1120 1337 tremit
1150 1305 1268 1345 artus,

163 1372 454 1420 collectumque
484 1383 666 1420 premens
696 1371 816 1408 volvit
846 1370 920 1408 sub
953 1369 1112 1408 naribus
1143 1370 1285 1418 ignem.
1455 1376 1495 1414 85

166 1435 301 1480 Densa
332 1442 434 1488 iuba,
466 1449 504 1479 et
535 1442 672 1480 dextro
703 1442 843 1479 iactata
873 1440 1068 1479 recumbit
1098 1441 1138 1477 in
1168 1452 1306 1486 armo3

164 1520 202 1550 at
233 1514 377 1562 duplex
408 1513 534 1562 agitur
563 1525 631 1562 per
660 1511 818 1550 lumbos
848 1513 971 1561 spina,
1004 1517 1197 1560 cavatque

164 1585 342 1621 tellurem
373 1591 411 1621 et
441 1583 568 1621 solido
597 1584 763 1633 graviter
791 1590 905 1621 sonat
936 1583 1081 1633 ungula
1112 1595 1246 1620 cornu.

165 1656 273 1692 Talis
303 1655 505 1704 Amyclaei
536 1655 711 1692 domitus
742 1654 913 1692 Pollucis
943 1653 1109 1691 habenis

165 1727 344 1775 Cyllarus
375 1733 424 1772 et,
457 1738 626 1774 quorum
657 1725 750 1763 Grai
781 1725 998 1763 meminere
1028 1732 1186 1773 poetae,
1453 1738 1496 1770 90

167 1797 305 1834 Martis
334 1797 424 1845 equi
454 1796 606 1845 biiuges
635 1802 674 1834 et
702 1796 834 1845 magni
864 1808 998 1833 currus
1028 1795 1182 1832 Achilli.

166 1869 273 1905 Talis
303 1874 341 1905 et
371 1868 454 1916 ipse
484 1866 617 1904 iubam
647 1867 798 1904 cervice
828 1866 994 1904 effundit
1024 1867 1169 1915 equina

167 1940 345 1987 coniugis
374 1938 547 1976 adventu
578 1938 713 1986 pernix
744 1938 944 1984 Saturnus,
976 1944 1014 1975 et
1043 1937 1166 1974 altum

173 2010 306 2047 Pelion
338 2009 492 2046 hinnitu
522 2008 674 2058 fugiens
705 2008 880 2056 implevit
909 2015 1036 2045 acuto.

224 2081 346 2117 Hunc
385 2092 556 2129 quoque,
590 2079 657 2116 ubi
692 2086 758 2116 aut
793 2078 933 2116 morbo
964 2079 1089 2128 gravis
1124 2085 1192 2116 aut
1229 2079 1304 2116 iam
1342 2078 1497 2128 segnior

330 2151 443 2187 annis
1456 2166 1495 2197 95

168 2221 313 2267 deficit,
343 2220 447 2258 abde
477 2221 610 2268 domo,
644 2233 717 2258 nec
747 2220 848 2269 turpi
881 2220 1040 2269 ignosce
1071 2226 1264 2258 senectae.
