1674 2532
174 144 230 187 54
711 138 836 170 GEOR
844 137 967 171 GJCA.

174 238 212 269 et
242 242 358 279 saepe
388 229 571 267 attollunt
601 228 756 274 umeris,
788 235 826 265 et
854 239 1017 276 corpora
1046 225 1152 264 bello

173 301 374 339 obiectant
402 301 686 349 pulchramque
716 304 854 347 petunt
883 310 951 347 per
980 298 1139 335 vulnera
1168 302 1346 333 mortem.

229 372 306 408 His
336 371 497 420 quidam
528 370 647 418 signis
676 376 793 417 atque
823 369 920 405 haec
950 367 1128 416 exempla
1157 366 1279 418 secpti

173 454 258 480 esse
287 441 426 490 apibus
456 447 606 489 partem
636 440 792 477 divinae
822 439 965 476 mentis
995 444 1033 475 et
1062 437 1223 483 haustus
1259 434 1276 471 ὃ

172 513 367 550 aetherios
397 512 553 557 dixere3
591 511 711 548 deum
741 521 913 558 namque
943 509 996 546 ire
1026 520 1094 557 per
1123 519 1261 545 omnes

173 592 371 631 terrasque
402 589 628 630 tractusque
658 580 774 617 maris
804 579 1039 628 caelumque
1069 578 1334 627 profundum3
1360 592 1364 594 >

174 655 266 691 hinc
297 653 469 702 pecudes
499 658 675 689 armenta
704 651 817 696 viros,
850 662 975 699 genus
1004 661 1124 686 omne
1154 649 1331 695 ferarum,

173 736 373 774 quemque
404 722 477 760 sibi
507 730 659 777 tenues
676 727 905 759 nascentem
934 732 1129 772 arcessere
1158 719 1277 778 vitas:

173 795 321 849 scilicet
352 794 428 830 huc
458 793 569 830 reddi
600 792 745 830 deinde
774 804 819 828 ac
849 791 1020 845 resoluta
1049 790 1178 844 referri

172 866 317 911 onmia,
350 877 423 903 nec
452 865 567 902 morti
597 875 682 901 esse
712 863 854 908 locum,
887 862 956 899 sed
985 861 1072 898 viva
1100 862 1231 899 volare

173 937 310 975 sideris
342 937 379 973 in
410 947 617 973 numerum
647 941 767 983 atque
796 933 876 971 alto
906 932 1118 970 succedere
1148 933 1269 970 caelo.

1437 449 1497 471 220

176 1088 370 1135 228-250.
412 1086 632 1123 Directz'ons
640 1084 713 1133 for
732 1085 868 1133 taking
887 1084 946 1121 tlze
965 1084 1091 1132 lconey.
1144 1084 1254 1120 Pests
1273 1082 1382 1131 qfllze
1401 1082 1495 1120 lzive.

227 1208 266 1245 Si
297 1207 457 1256 quando
488 1207 623 1245 sedem
652 1213 856 1255 augustam
888 1212 1117 1254 servataque
1147 1205 1262 1243 mella

172 1279 364 1316 thesauris
394 1278 547 1328 relines,
579 1278 684 1326 prius
714 1278 856 1331 haustu
887 1289 1042 1325 sparsus
1072 1288 1261 1325 aquarum

173 1362 239 1386 ora
269 1349 368 1398 fove,
400 1349 610 1398 fumosque
640 1360 759 1385 manu
791 1347 1005 1396 praetende
1036 1359 1235 1397 sequaces.

174 1420 240 1457 Bis
269 1420 449 1469 gravidos
479 1426 625 1477 cogunt
655 1420 768 1475 festus,
800 1420 881 1457 duo
911 1425 1090 1467 tempora
1119 1419 1279 1455 messis:

173 1493 345 1540 Taygete
375 1491 490 1528 simul
520 1503 564 1528 os
594 1491 703 1528 terris
734 1490 906 1528 ostendit
936 1489 1147 1544 honestum

173 1561 276 1598 Plias
306 1567 343 1598 et
374 1561 525 1599 Oceani
556 1568 707 1610 spretos
737 1561 839 1609 pede
868 1560 1035 1608 reppulit
1064 1572 1212 1605 amnes,

171 1639 238 1670 aut
260 1633 407 1676 *eadem
438 1632 545 1670 sidus
575 1632 726 1682 fugiens
757 1631 825 1669 ubi
856 1631 978 1669 Piscis
1006 1631 1144 1680 aquosi
1198 1618 1233 1647 *¹*

171 1703 314 1761 tristior
344 1703 527 1741 hibernas
557 1703 667 1740 caelo
697 1702 903 1740 descendit
933 1702 973 1739 in
1002 1702 1139 1740 undas.

173 1774 255 1810 Illis
285 1774 339 1811 ira
369 1774 533 1812 modum
564 1786 680 1822 supra
711 1780 780 1814 est.
812 1774 1020 1821 laesaeque
1049 1785 1246 1810 venenum

173 1844 368 1882 morsibus
399 1845 600 1893 inspirant,
633 1852 670 1882 et
701 1839 996 1893 spicula'caeca
1026 1843 1253 1893 relinquunt

171 1915 307 1952 affixae
336 1916 457 1962 venis,
488 1915 719 1964 animasque
749 1914 788 1951 in
818 1915 978 1952 vulnere
1007 1921 1172 1963 ponunt.
1221 1909 1238 1914 ”’
1279 1902 1281 1904 V

172 1986 240 2023 Sin
271 1986 409 2023 duram
439 1993 590 2024 metues
621 1986 792 2023 hiemem
823 1997 1038 2034 parcesque
1068 1985 1198 2023 futuro

172 2063 440 2111 contusosque
469 2057 623 2094 animos
653 2063 691 2094 et
721 2069 780 2094 res
810 2055 1046 2093 miserabere
1075 2056 1225 2103 fractas,

170 2134 209 2164 at
240 2127 368 2179 suffire
396 2127 532 2176 thymo
562 2139 749 2176 cerasque
780 2127 951 2164 recidere
981 2127 1117 2164 inanes

172 2198 259 2246 quis
289 2197 474 2235 dubitet?
523 2199 626 2235 Nam
657 2210 774 2247 saepe
803 2198 912 2235 favos
942 2198 1098 2247 ignotus
1127 2197 1265 2235 adedit

171 2268 284 2317 stelio
314 2275 352 2306 et
381 2269 561 2318 lucifugis
591 2268 952 2319 congestahcubilia
982 2267 1129 2327 blattis,

1438 1361 1498 1392 230

1438 1717 1497 1749 235

1437 2073 1498 2104 240
