1674 2532
580 143 732 174 LIBER
764 144 836 174 III.
900 146 1080 187 72-122.
1440 147 1492 185 29

171 250 347 299 Frigidus
378 249 416 285 in
446 249 644 286 Venerem
673 248 813 294 senior,
846 248 1065 296 frustraque
1096 246 1272 284 laborem

169 320 362 368 ingratum
392 319 518 365 trahit,
550 326 588 356 et
617 318 648 356 si
678 318 839 367 quando
867 318 918 355 ad
948 318 1095 366 proelia
1124 324 1286 355 ventum
1317 324 1387 363 est,

169 395 212 426 ut
240 389 443 438 quondam
473 389 513 425 in
543 389 695 437 stipulis
726 400 890 437 magnus
921 388 1005 425 sine
1034 387 1179 425 viribus
1209 387 1320 436 ignis,

169 460 366 497 incassum
395 460 497 497 furit.
559 460 662 508 Ergo
691 459 844 496 animos
874 470 1096 506 aevumque
1125 457 1282 495 notabis
1434 472 1494 494 100

168 530 378 578 praecipue
395 544 405 577 3
443 530 536 566 hinc
565 530 659 567 alias
688 535 789 566 artes
820 529 1052 577 prolemque
1080 535 1299 577 parentum,

169 606 207 637 et
237 600 323 649 quis
352 601 496 649 cuique
525 600 638 638 dolor
666 600 781 646 victo,
814 612 915 648 quae
943 599 1065 648 gloria
1094 599 1259 647 palmae.

171 671 317 708 Nonne
345 671 465 718 vides,
497 684 589 708 cum
619 670 819 720 praecipiti
849 670 1063 707 certamine
1092 682 1277 718 eampum

168 742 400 791 corripuere,
433 747 632 791 ruuntque
662 741 773 779 effusi
803 753 957 778 carcere
987 753 1133 788 currus,

169 825 260 849 cum
289 824 378 860 spes
407 818 578 850 arrectae
607 812 804 858 iuvenum,
836 812 1147 861 exsultantiaque
1177 812 1304 849 haurit
1431 825 1494 856 105

168 883 288 921 corda
317 895 437 931 pavor
466 883 657 931 pulsans?
715 883 777 920 Illi
807 883 954 920 instant
983 882 1145 920 verbere
1175 889 1278 920 torto

169 960 207 990 et
236 953 349 1002 proni
378 953 474 990 dant
504 954 597 1000 lora,
629 953 733 991 volat
763 953 799 990 vi
829 953 1000 991 fervidus
1029 953 1110 990 axis
1126 967 1136 999 3

169 1024 327 1073 iamque
356 1024 535 1071 humiles,
567 1024 724 1072 iamque
754 1024 844 1061 elati
875 1022 1042 1061 sublime
1071 1023 1255 1061 videntur

168 1095 257 1131 aera
286 1106 354 1143 per
383 1107 551 1131 vacuum
581 1094 667 1131 ferri
697 1101 815 1143 atque
844 1107 1045 1144 assurgere
1075 1095 1114 1131 in
1143 1107 1255 1131 auras
1271 1108 1280 1142 3

170 1177 243 1202 nec
272 1177 382 1202 mora
411 1177 485 1202 nee
515 1165 693 1213 requie53
730 1171 769 1202 at
798 1165 925 1202 fulvae
956 1165 1115 1202 nimbus
1144 1165 1313 1202 harenae
1436 1181 1497 1201 110

169 1236 326 1283 tollitur,
358 1242 566 1273 umescunt
597 1236 746 1284 spumis
776 1236 950 1285 flatuque
980 1242 1240 1284 sequentum:

169 1312 301 1343 tantus
330 1318 440 1343 amor
469 1306 644 1352 laudum,
677 1312 809 1343 tantae
838 1313 896 1344 est
925 1306 1087 1343 victoria
1116 1318 1242 1343 curae.

170 1377 324 1414 Primus
356 1376 638 1414 Erichthonius
668 1389 802 1414 currus
832 1383 870 1414 et
899 1383 1084 1425 quattuor
1111 1389 1230 1414 ausus

169 1448 329 1497 iungere
359 1459 483 1496 equos
513 1447 753 1496 rapidusque
783 1447 875 1484 rotis
906 1447 1084 1485 insistere
1113 1448 1246 1485 victor.

170 1518 296 1555 Frena
325 1518 568 1555 Pelethronii
599 1517 791 1567 Lapithae
820 1530 1015 1567 gyrosque
1045 1518 1192 1556 dedere
1434 1534 1493 1566 115

170 1588 341 1637 impositi
372 1588 502 1635 dorso,
533 1595 653 1638 atque
682 1589 856 1638 equitem
887 1589 1058 1626 docuere
1088 1588 1161 1627 sub
1191 1590 1308 1626 armis

170 1659 355 1696 insultare
386 1659 470 1696 solo
501 1665 538 1696 et
567 1671 720 1708 gressus
750 1659 966 1708 glomerare
995 1658 1197 1708 superbos.

168 1730 333 1778 Aequus
362 1736 526 1778 uterque
555 1729 676 1777 labor,
706 1741 833 1778 aeque
861 1730 1124 1779 iuvenemque
1153 1731 1325 1780 magistri

169 1800 378 1848 exquirunt
407 1801 660 1849 calidumque
688 1800 830 1838 animis
860 1807 898 1838 et
927 1800 1105 1838 cursibus
1135 1813 1264 1839 acrem
1280 1816 1290 1850 ,·

168 1871 348 1920 quamvis
379 1883 497 1920 saepe
526 1871 617 1920 fuga
645 1883 777 1909 versos
807 1871 870 1908 ille
900 1872 1020 1920 egerit
1050 1872 1194 1918 hostes,
1441 1890 1499 1911 120

169 1947 208 1980 et
236 1942 401 1990 patriam
432 1942 596 1990 Epirum
625 1942 764 1979 referat
792 1941 992 1991 fortesque
1022 1943 1224 1991 Mycenas,

169 2012 427 2061 Neptunique
456 2012 539 2062 ipsa
569 2012 740 2050 deducat
769 2012 918 2062 origine
946 2020 1116 2063 gentem.
