1674 2532
536 153 688 185 LIBER
719 153 792 186 [Η.
856 156 877 184 2
883 144 1064 198 32—286.
1409 154 1464 196 35

146 267 260 298 nocte
290 265 395 296 natat
425 270 541 296 caeca
571 269 678 296 serus
707 259 802 296 freta
819 273 830 306 3
868 270 986 307 quem
1017 269 1133 306 super
1162 257 1300 306 ingens
1405 262 1465 292 260

144 337 254 379 porta
283 336 392 367 tonat
421 329 529 375 caeli,
562 335 599 366 et
628 329 799 377 scopulis
829 329 927 366 illisa
956 328 1169 365 reclamant

143 412 314 449 aequora
327 414 338 446 3
376 411 449 437 nec
478 399 608 437 miseri
637 406 802 448 possunt
830 410 1011 436 revocare
1041 405 1222 446 parentes

145 482 217 507 nec
246 469 432 507 moritura
461 481 578 518 super
605 469 753 507 crudeli
782 470 918 506 funere
947 468 1065 517 virgo.

145 541 253 589 Quid
282 541 414 589 lynces
444 540 589 577 Bacchi
619 540 746 578 variae
775 547 812 577 et
841 552 963 588 genus
993 551 1081 576 acre
1109 539 1290 587 luporum

143 618 263 660 atque
292 612 465 648 canum?
521 611 616 659 quid
646 623 747 659 quae
775 609 954 647 imbelles
983 609 1078 647 dant
1108 609 1254 658 proelia
1284 609 1420 646 cervi?

145 682 300 720 Scilicet
328 688 420 718 ante
449 693 587 719 omnes
617 681 722 718 furor
750 688 808 718 est
838 680 1000 729 insignis
1029 692 1245 728 equarum3
1405 686 1465 714 266

145 760 182 789 et
211 757 385 789 mentem
409 752 547 789 Venus
576 752 659 800 ipsa
688 751 809 798 dedit,
840 763 920 800 quo
948 757 1125 799 tempore
1155 750 1295 788 Glauci

147 822 357 859 Potniades
386 823 498 859 malis
527 821 703 859 membra
731 821 986 870 absumpsere
1015 821 1237 870 quadrigae.

106 908 108 911 ’
146 893 237 930 Illas
266 893 374 930 ducit
403 905 513 930 amor
541 902 647 930 trans
677 893 846 941 Gargara
875 899 1060 940 transque
1089 899 1297 928 sonantem

145 964 360 1001 Ascanium
375 978 386 1011 3
424 971 608 1012 superant
638 970 792 1000 montes
822 970 860 1000 et
889 963 1051 999 fiumina
1079 969 1245 999 tranant.
1406 977 1466 1008 270

146 1034 427 1083 Continuoque
455 1034 580 1071 avidis
609 1033 677 1071 ubi
706 1033 863 1071 subdita
893 1033 1051 1070 flamma
1080 1032 1273 1079 medullis,

145 1117 233 1142 vere
262 1105 396 1154 magis,
428 1105 519 1154 quia
548 1116 638 1141 vere
668 1104 773 1141 calor
801 1104 901 1141 redit
931 1102 1097 1149 ossibus,
1129 1103 1216 1140 illae

145 1188 211 1213 ore
240 1188 379 1213 omnes
407 1188 540 1213 versae
569 1176 609 1212 in
639 1175 859 1224 Zephyrum
890 1181 992 1211 stant
1021 1173 1184 1222 rupibus
1214 1174 1301 1211 altis

145 1253 432 1295 exceptantque
460 1247 565 1284 leves
594 1258 717 1293 auras,
750 1252 787 1283 et
817 1257 934 1293 saepe
964 1245 1048 1282 sine
1077 1245 1165 1281 ullis

145 1317 335 1366 coniugiis
363 1324 482 1354 vento
510 1316 701 1366 gravidae,
733 1315 910 1353 mirabile
939 1316 1059 1361 dictu,
1409 1331 1465 1362 275

145 1400 235 1425 saxa
263 1400 331 1436 per
360 1395 397 1425 et
427 1388 609 1436 scopulos
639 1394 678 1425 et
707 1387 910 1435 depressas
939 1386 1136 1424 convalles

146 1459 364 1508 diffugiunt,
397 1471 488 1505 non,
522 1459 638 1504 Eure,
670 1465 770 1504 tuos,
802 1469 932 1506 neque
962 1457 1062 1494 Solis
1091 1457 1142 1494 ad
1172 1464 1288 1503 ortus,

146 1530 184 1566 in
216 1530 370 1567 Borean
400 1530 665 1577 Caurumque,
696 1535 762 1565 aut
793 1528 899 1566 unde
928 1528 1160 1577 nigerrimus
1189 1529 1333 1565 Auster

147 1600 317 1637 nascitur
345 1607 383 1637 et
412 1600 545 1648 pluvio
575 1599 777 1636 contristat
807 1599 946 1648 frigore
976 1599 1141 1636 caelum.

147 1670 228 1708 Hic
257 1670 430 1717 demum,
462 1670 721 1718 hippomanes
750 1682 842 1707 vero
871 1669 979 1718 quod
1010 1669 1171 1706 nomine
1200 1669 1337 1707 dicunt
1408 1676 1469 1706 280

146 1747 330 1790 pastores,
363 1742 512 1778 lentum
544 1741 713 1778 destillat
741 1740 792 1777 ab
821 1740 981 1789 inguine
1011 1740 1125 1783 virus,

146 1812 415 1860 hippomanes,
449 1811 558 1860 quod
588 1823 705 1860 saepe
734 1811 860 1849 malae
888 1812 1015 1860 legere
1045 1822 1235 1848 novercae

147 1883 466 1931 miscueruntque
495 1882 636 1920 herbas
667 1889 704 1920 et
734 1895 815 1919 non
844 1882 1003 1919 innoxia
1032 1881 1160 1920 verba.

196 2005 390 2053 284-338.
455 2004 630 2052 Tending
657 2003 704 2052 of
723 2003 829 2052 slzeep
859 2004 943 2040 and
963 2008 1074 2052 geals
1104 2003 1145 2040 in
1178 2003 1320 2040 winter
1348 2004 1430 2040 and

717 2086 893 2111 summer.

202 2162 280 2200 Sed
308 2162 405 2211 fugit
433 2162 592 2206 interea,
621 2162 718 2210 sugit
747 2160 994 2210 irreparabile
1024 2168 1191 2209 tempus,

149 2233 299 2282 singula
328 2233 423 2270 dum
452 2233 554 2281 capti
586 2233 936 2270 circumvectamur
963 2244 1107 2269 amore.
1411 2240 1469 2277 285

151 2304 243 2341 Hoc
272 2303 363 2341 satis
392 2303 600 2341 armentis:
644 2310 801 2353 superat
830 2315 917 2351 pars
946 2303 1066 2341 altera
1094 2314 1222 2349 curae,

780 2386 800 2412 c
825 2386 843 2411 2
