1674 2532
177 134 233 182 46
713 142 840 174 GEOR
848 142 973 173 GJCA.

573 493 763 527 LIBER
813 491 1116 530 QUARTUS.

280 603 363 638 1—7.
424 591 576 639 Subject
591 589 784 638 proposed
795 605 807 626 .·
838 589 898 625 tlze
926 586 1232 625 commonwealtlz
1262 585 1309 634 of
1327 586 1414 622 bees.

183 698 398 733 PR0T1Nus
427 695 518 732 aerii
550 694 676 732 mellis
706 693 889 731 caelestia
918 693 1024 730 dona

180 778 394 815 exsequar:
434 766 537 802 hanc
567 765 696 811 etiam,
731 765 957 809 Maecenas,
989 762 1120 810 aspice
1150 767 1312 810 partem.

181 836 426 874 Admiranda
455 835 525 873 tibi
555 835 700 873 levium
731 834 955 895 spectacula
984 845 1112 870 rerum

180 908 532 956 magnanimosque
561 906 684 944 duces
712 906 913 954 totiusque
942 904 1081 942 ordine
1110 902 1238 952 gentis

182 990 309 1014 mores
339 985 377 1015 et
408 977 536 1015 studia
567 984 604 1014 et
634 976 803 1025 populos
833 983 870 1014 et
903 975 1051 1024 proelia
1081 974 1222 1011 dicam.
1494 988 1509 1017 5

185 1049 230 1084 In
261 1048 370 1085 tenui
400 1047 535 1095 labor3
574 1054 612 1084 at
641 1047 771 1084 tenuis
802 1059 881 1084 non
911 1045 1045 1095 gloria,
1077 1045 1109 1082 si
1139 1055 1258 1095 quem

184 1120 345 1156 numina
375 1119 484 1156 laeva
514 1119 648 1155 sinunt
677 1117 868 1166 auditque
897 1123 1059 1154 vocatus
1089 1103 1246 1164 Apollo.

265 1242 315 1277 8-
320 1253 338 1289 5
346 1253 380 1277 0.
439 1240 520 1277 Sile
548 1240 595 1288 of
615 1240 673 1277 llze
704 1239 843 1288 apiary
871 1239 953 1275 and
978 1236 1226 1275 construction
1255 1235 1303 1284 of
1323 1235 1434 1272 lzives.

240 1328 437 1377 Principio
467 1328 581 1366 sedes
611 1327 752 1377 apibus
783 1327 978 1376 statioque
1009 1324 1191 1375 petenda,

185 1413 265 1449 quo
295 1412 425 1448 neque
454 1400 503 1436 sit
534 1400 660 1437 ventis
689 1399 831 1445 aditus,
863 1410 954 1435 nam
985 1396 1131 1446 pabula
1160 1395 1267 1433 venti

186 1472 284 1508 ferre
314 1471 479 1508 domum
510 1470 732 1519 prohibent,
765 1481 896 1518 neque
925 1480 1018 1506 oves
1049 1466 1245 1516 haedique
1274 1465 1421 1515 petulci
1475 1481 1514 1502 10

186 1541 347 1579 floribus
378 1541 577 1588 insultent,
610 1549 676 1578 aut
706 1553 837 1578 errans
866 1538 1013 1578 bucula
1043 1550 1185 1587 campo

186 1613 358 1660 decutiat
388 1624 527 1658 rorem,
559 1618 597 1649 et
628 1618 831 1661 surgentes
859 1618 998 1648 atterat
1027 1609 1179 1647 herbas.

188 1683 330 1721 Absint
361 1690 398 1721 et
427 1683 520 1732 picti
553 1683 771 1733 squalentia
800 1689 907 1731 terga
936 1681 1068 1718 lacerti

187 1753 407 1809 pinguibus2
428 1766 450 1790 a
480 1753 654 1800 stabulis,
687 1764 948 1802 meropesque
976 1752 1156 1800 aliaeque
1185 1750 1363 1789 volucres

187 1832 226 1861 et
255 1824 438 1861 manibus
469 1826 621 1861 Procne
651 1831 788 1873 pectus
818 1824 968 1873 signata
997 1821 1193 1868 cruentis;
1480 1836 1514 1867 15

164 1886 321 1932 >omnia
352 1907 442 1931 nam
474 1895 550 1932 late
562 1902 732 1943 Jastaiit
762 1894 945 1943 ipsasque
975 1893 1153 1930 volantes

188 1979 254 2004 ore
285 1966 413 2003 serunt
444 1966 601 2003 dulcem
634 1966 736 2003 nidis
766 1964 984 2015 imm-itibus
1014 1976 1156 2002 escam.

190 2038 241 2074 At
271 2036 409 2086 liqu‘idi
439 2037 568 2073 fontes
599 2043 637 2074 et
667 2043 803 2085 stagna
833 2021 998 2073 {rirentia
1028 2046 1166 2072 musco

188 2107 318 2144 adsint
348 2114 386 2144 et
416 2108 544 2155 tenuis
574 2108 726 2156 fugiens
758 2119 827 2156 per
855 2106 1030 2155 gramina
1059 2105 1175 2159 rivus,

189 2178 401 2226 palmaque
430 2176 666 2228 vestibulum
698 2185 764 2214 aut
795 2178 932 2226 ingens
963 2176 1129 2214 oleaster
1157 2175 1369 2222 inumbret,
1479 2191 1517 2211 ιο

190 2254 243 2294 ut,
274 2260 367 2284 cum
397 2248 520 2297 prima
551 2248 642 2284 novi
673 2248 819 2285 ducent
851 2247 1031 2285 examina
1061 2259 1170 2296 reges

190 2330 278 2356 vere
309 2330 391 2365 suo,
423 2319 613 2367 ludetque
643 2318 738 2356 favis
769 2318 910 2356 emissa
940 2317 1133 2364 iuventus,
