1674 2532
544 132 696 164 LIBER
727 132 799 164 [Η.
860 136 1005 175 402-4
1008 124 1076 177 56.

158 250 248 276 vere
276 237 438 275 madent
467 237 547 275 udo
576 244 701 275 terrae
728 249 774 274 ac
803 236 1039 286 pluvialibus
1067 237 1218 284 austris,

158 315 293 356 stagna
322 307 425 353 colit,
456 307 626 356 ripisque
655 307 836 344 habitans
866 308 930 344 hic
958 307 1131 356 piscibus
1159 314 1282 344 atram

157 377 359 426 improbus
388 378 601 426 ingluviem
630 378 812 427 ranisque
841 377 1073 426 loquacibus
1103 378 1259 426 explet3

155 455 365 497 postquam
395 455 530 485 exusta
558 448 680 496 palus,
712 455 914 496 terraeque
943 448 1081 485 ardore
1110 448 1330 495 dehiscunt,

156 518 281 556 exsilit
310 518 349 555 in
379 518 537 564 siccum,
570 525 608 555 et
637 518 878 555 flammantia
907 518 1055 555 lumina
1084 524 1273 566 torquens

156 589 277 626 saevit
306 589 406 638 agris
435 600 626 636 asperque
657 589 718 625 siti
748 595 866 638 atque
895 589 1098 626 exterritus
1127 595 1249 626 aestu.

157 658 219 696 Ne
248 659 344 695 mihi
373 665 456 695 tum
488 659 625 696 molles
655 659 728 696 sub
758 659 850 696 divo
878 671 1036 707 carpere
1065 671 1227 696 somnos

155 740 232 765 neu
262 728 380 766 dorso
409 729 581 766 nemoris
612 728 731 766 libeat
761 729 926 766 iacuisse
955 714 1024 778 per
1052 728 1204 776 herbas,

155 811 246 835 cum
275 799 412 848 positis
443 812 567 837 novus
598 800 745 837 exuviis
775 799 1003 848 nitidusque
1032 799 1191 837 iuventa

154 869 321 906 volvitur
348 876 416 906 aut
445 871 595 907 catulos
625 870 738 907 tectis
768 877 834 907 aut
863 882 937 907 ova
965 870 1190 918 relinquens

153 939 298 977 arduus
328 940 379 978 ad
408 941 543 987 solem,
575 947 613 978 et
643 940 784 989 linguis
814 941 932 977 micat
962 952 1028 978 ore
1057 940 1236 978 trisulcis.

272 1066 469 1103 440—477.
527 1055 708 1092 Diseases
735 1055 782 1104 of
801 1056 907 1104 sheep
936 1056 1019 1092 and
1045 1055 1146 1092 their
1171 1055 1358 1092 remedies.

209 1149 441 1186 Morborum
471 1161 631 1198 quoque
660 1156 698 1186 te
726 1161 863 1186 causas
892 1155 930 1186 et
960 1149 1069 1198 signa
1098 1148 1267 1186 docebo.

153 1219 297 1267 Turpis
326 1232 418 1257 oves
447 1225 571 1257 tentat
599 1219 762 1267 scabies,
794 1219 862 1257 ubi
891 1220 1052 1269 frigidus
1082 1219 1208 1257 imber

152 1289 267 1327 altius
296 1290 347 1328 ad
376 1291 508 1328 vivum
537 1291 711 1339 persedit
740 1297 778 1328 et
807 1291 965 1328 horrida
993 1303 1094 1327 cano

154 1358 293 1397 bruma
320 1361 421 1410 gelu,
452 1361 513 1398 vel
543 1373 632 1398 cum
663 1361 787 1398 tonsis
817 1361 948 1398 illotus
977 1361 1155 1398 adhaesit

154 1431 285 1477 sudor,
317 1437 356 1468 et
385 1431 523 1468 hirsuti
554 1438 764 1469 secuerunt
792 1443 956 1480 corpora
984 1443 1121 1480 vepres

155 1501 349 1539 Dulcibus
379 1502 525 1539 idcirco
555 1502 681 1539 fluviis
709 1514 830 1550 pecus
860 1513 979 1539 omne
1008 1502 1180 1550 magistri

154 1571 406 1620 perfundunt,
437 1573 606 1622 udisque
634 1573 733 1610 aries
763 1573 802 1609 in
831 1572 981 1622 gurgite
1009 1572 1110 1610 villis

154 1649 352 1690 mersatur,
385 1643 607 1692 missusque
637 1644 814 1681 secundo
843 1643 980 1681 defluit
1010 1644 1116 1680 amni
1132 1657 1142 1691 3

152 1719 219 1750 aut
247 1719 405 1750 tonsum
436 1714 532 1751 tristi
563 1714 796 1763 contingunt
825 1726 967 1763 corpus
995 1726 1165 1761 amurca,

153 1790 191 1821 et
219 1795 378 1832 spumas
408 1784 574 1822 miscent
602 1784 750 1834 argenti
778 1784 945 1833 vivaque
974 1785 1118 1822 sulfura

155 1853 376 1903 Idaeasque
403 1854 511 1903 pices
540 1861 578 1892 et
607 1855 773 1904 pingues
802 1855 976 1904 unguine
1005 1867 1114 1893 ceras

153 1925 382 1974 scillamque
412 1925 686 1975 elleborosque
714 1938 848 1975 graves
879 1926 1112 1975 nigrumque
1141 1926 1332 1964 bitumen.

155 1995 247 2032 Non
276 2002 409 2033 tamen
439 1996 517 2033 ulla
546 1997 669 2045 magis
698 2009 882 2045 praesens
913 1997 1068 2034 fortuna
1097 1997 1280 2035 laborum
1309 2004 1378 2044 est,

153 2078 273 2115 quam
302 2066 333 2103 si
363 2066 450 2115 quis
479 2067 579 2104 ferro
609 2067 736 2115 potuit
765 2067 986 2105 rescindere
1016 2080 1216 2105 summum

154 2136 293 2173 ulceris
322 2148 389 2174 os:
423 2137 537 2174 alitur
566 2138 704 2174 vitium
733 2138 906 2187 vivitque
936 2139 1118 2187 tegendo,

153 2206 249 2244 dum
279 2207 452 2245 medicas
481 2207 670 2246 adhibere
699 2221 839 2246 manus
868 2209 919 2246 ad
948 2209 1109 2246 vulnera
1138 2216 1270 2258 pastor

153 2276 333 2327 abnegat,
365 2285 432 2315 aut
461 2279 623 2316 meliora
652 2279 749 2317 deos
779 2279 890 2317 sedet
919 2280 1053 2317 omina
1082 2292 1263 2329 poscens.

1423 137 1474 175 41

1415 323 1481 355 430

1415 673 1480 705 435

1415 1165 1480 1196 440

1416 1517 1480 1548 445

1416 1873 1481 1904 450

1416 2225 1479 2256 455
