1674 2532
578 133 729 164 LIBER
762 133 827 165 [V.
895 125 1101 179 103—156.
1446 133 1495 175 51

184 240 262 277 Hic
291 251 418 276 rarum
447 245 579 276 tamen
610 239 647 275 in
679 239 809 276 dumis
838 239 952 276 holus
981 236 1148 286 albaque
1178 238 1323 274 circum
1440 254 1450 274 ι
1460 252 1500 282 30

179 310 257 347 lilia
286 308 554 358 verbenasque
582 321 763 358 premens
794 320 1032 362 vescumque
1062 320 1231 356 papaver

180 392 311 428 regum
341 378 536 428 aequabat
566 391 661 428 opes
690 379 842 426 animis,
873 391 1037 427 seraque
1066 385 1263 416 revertens

178 457 296 487 nocte
325 450 488 487 domum
518 449 687 498 dapibus
717 461 872 486 mensas
902 448 1091 486 onerabat
1120 449 1318 497 inemptis.

180 520 330 557 Primus
359 532 448 557 vere
477 532 605 558 rosam
634 526 753 568 atque
781 526 972 556 autumno
1001 531 1159 567 carpere
1188 531 1320 567 poma,

177 596 215 627 et
243 602 334 627 cum
364 590 481 634 tristis
510 590 663 638 hiemps
693 590 909 627 etiamnum
938 589 1077 638 frigore
1107 601 1197 626 saxa
1440 604 1495 635 135

178 667 372 709 rumperet
401 648 440 698 e}
467 661 590 709 glacie
619 673 754 697 cursus
784 660 950 706 frenaret
978 672 1179 708 aquarum,

176 731 239 768 ille
262 743 422 768 comam
453 731 580 768 mollis
610 731 687 767 iam
716 730 908 768 tondebat
937 730 1134 779 hyacinthi

175 808 360 838 aestatem
392 802 628 857 increpitans
657 782 1080 849 seranszephyrosque
1109 808 1317 849 morantes.

176 872 280 920 Ergo
308 870 448 920 apibus
477 872 564 909 fetis
594 872 700 909 ide-m
730 878 848 920 atque
877 871 1056 909 examine
1086 872 1212 908 multo

173 942 321 991 primus
349 941 551 980 abundare
579 949 617 979 et
646 942 869 990 spumantia
897 953 1036 990 cogere
1066 942 1208 989 pressis
1437 957 1495 985 140

174 1012 289 1050 mella
318 1012 437 1049 favis:
477 1012 529 1048 illi
559 1012 663 1049 tiliae
691 1019 810 1060 atque
840 1011 1035 1049 uberrima
1065 1012 1192 1060 pinus,

173 1089 349 1132 quotque
378 1083 418 1119 in
448 1082 541 1120 flore
571 1095 675 1120 novo
704 1082 832 1130 pomis
862 1094 904 1119 se
933 1082 1066 1119 fertilis
1095 1081 1211 1119 arbos

172 1153 361 1199 induerat,
393 1153 559 1190 totidem
589 1159 780 1190 autumno
811 1159 960 1190 matura
989 1151 1160 1189 tenebat.

172 1224 244 1261 Ille
274 1224 391 1261 etiam
421 1235 523 1261 seras
553 1223 592 1260 in
622 1235 776 1260 versum
806 1222 955 1260 distulit
985 1223 1112 1259 ulmos

170 1294 412 1342 eduramque
441 1294 567 1342 pirum
597 1300 635 1331 et
665 1293 798 1350 spinos
829 1294 905 1329 iam
935 1305 1058 1341 pruna
1088 1293 1256 1331 ferentes
1433 1309 1490 1340 145

169 1365 327 1413 iamque
356 1364 641 1401 ministrantem
670 1364 872 1412 platanum
901 1363 1128 1412 potantibus
1158 1363 1326 1401 umbras.

168 1436 317 1472 Verum
347 1435 444 1472 haec
474 1434 557 1483 ipse
585 1434 771 1483 equidem
801 1434 934 1482 spatiis
963 1435 1143 1478 exclusus
1173 1434 1317 1482 iniquis

169 1512 369 1554 praetereo
397 1512 515 1553 atque
543 1505 628 1542 aliis
657 1511 745 1553 post
774 1517 838 1542 me
867 1504 1123 1542 memoranda
1153 1505 1343 1553 relinquo.

172 1638 364 1676 149-227.
431 1627 587 1664 lVature
615 1627 698 1663 and
723 1627 847 1664 habits
875 1625 922 1674 of
939 1626 1016 1664 bees
1045 1627 1127 1663 and
1153 1626 1252 1663 their
1278 1626 1489 1664 dzktinctive

570 1704 572 1706 ’
730 1697 917 1745 qualities.

220 1786 338 1823 Nunc
366 1796 449 1834 age,
481 1791 637 1822 naturas
666 1783 806 1833 apibus
835 1796 932 1833 quas
962 1785 1138 1833 Iuppiter
1168 1785 1250 1832 ipse

164 1855 327 1902 addidit,
359 1855 577 1904 expediam,
610 1867 679 1903 pro
709 1867 787 1903 qua
816 1855 998 1892 mercede
1026 1867 1192 1892 canoros
1426 1869 1486 1900 150

165 1927 354 1965 Curetum
384 1926 534 1963 sonitus
564 1918 872 1974 crepitantiaque
900 1937 989 1963 aera
1018 1932 1176 1963 secutae

166 1997 331 2034 Dictaeo
360 1996 456 2034 caeli
486 2008 616 2045 regem
645 2007 786 2044 pavere
814 1995 888 2033 sub
916 2002 1039 2033 antro.

164 2068 278 2105 Solae
307 2079 540 2105 communes
569 2073 692 2113 natos,
723 2066 919 2117 consortia
947 2073 1050 2103 tecta

163 2137 269 2175 urbis
298 2133 455 2184 habent,
486 2138 718 2187 magnisque
746 2123 893 2186 agitant
922 2136 996 2174 sub
1026 2136 1176 2186 legibus
1206 2149 1357 2184 aevum,

162 2215 200 2246 et
229 2209 392 2257 patriam
422 2209 527 2246 solae
557 2215 594 2246 et
622 2215 749 2257 certos
779 2219 922 2245 novere
951 2215 1137 2257 penates3
1372 2239 1375 2243 ⁴
1421 2224 1479 2254 ¹55

163 2286 426 2329 venturaeque
455 2279 595 2317 hiemis
624 2290 818 2316 memores
847 2285 995 2317 aestate
1024 2277 1198 2317 laborem

761 2360 788 2385 D
812 2362 830 2385 2
