1674 2532
532 125 684 156 LIBER
715 125 781 156 JV.
843 117 1054 169 504-560.

137 234 296 272 exitium
327 232 466 269 misere
495 232 647 280 apibus.
706 233 768 269 Tu
798 244 961 269 munera
990 231 1153 279 supplex

136 304 256 360 tende
283 308 421 351 petens
451 314 599 351 pac-em,
631 308 669 340 et
700 302 830 355 faciles
861 313 1045 340 venerare
1076 301 1286 358 Napaeas3

111 361 308 421 ·namque
337 371 488 410 dabunt
517 372 673 409 veniam
704 354 814 419 votis,
847 372 1000 421 irasque
1030 370 1240 409 remittent.

137 443 216 482 Sed
244 443 386 480 modus
416 443 552 480 orandi
584 444 651 491 qui
681 444 740 490 sit,
772 443 876 492 prius
906 443 1044 481 ordine
1073 425 1214 480 dicam.

137 514 337 562 Quattuor
365 513 529 550 eximios
559 513 771 561 praestanti
801 525 965 562 corpore
993 519 1136 558 tauros,

136 583 203 632 qui
232 582 302 621 tibi
333 595 439 620 nunc
468 583 600 621 viridis
630 574 1033 638 depascunt-:sgmma
1062 581 1216 631 Lycaei,

136 654 274 703 delige,
305 660 343 691 et
373 655 517 692 intacta
545 654 709 692 totidem
739 654 890 703 cervi-ce
919 654 1114 691 iuvencas.
1164 670 1166 678 ν

137 723 333 769 Quattuor
362 724 422 761 his
451 736 535 761 aras
564 725 642 762 alta
670 725 721 762 ad
751 709 914 762 delubra
944 724 1105 762 dearum

136 795 343 840 constitue,
375 801 412 832 et
442 806 594 832 sacrum
626 795 766 844 iugulis
796 795 959 844 demitte
988 805 1177 839 cruorem,

137 876 379 914 corporaque
409 865 492 913 ipsa
521 864 644 902 boum
675 865 862 903 frondoso
891 865 1028 903 desere
1057 864 1157 900 luco.

138 937 231 973 Post
260 935 329 986 vubi
361 947 466 972 nona
497 947 588 973 suos
619 937 769 974 Aurora
799 936 1015 973 ostenderit
1045 941 1181 989 ortus,¹

137 1006 292 1058 inferias
322 1005 470 1054 Orphei
502 1007 674 1059 Lethaea
703 1018 893 1055 papavera
922 1006 1064 1051 mittes,

138 1084 175 1114 et
204 1077 353 1125 nigram
384 1076 574 1114 mactabis
605 1089 731 1123 ovem,
764 1078 977 1125 lucumque
1006 1076 1172 1113 revises:

137 1148 329 1200 placatam
361 1147 583 1196 Eurydicen
614 1148 732 1185 vitula
762 1148 999 1186 venerabere
1028 1147 1164 1184 caesa.'

192 1217 315 1255 Haud
344 1229 475 1255 mora:
507 1219 698 1255 continuo
727 1219 859 1255 matris
889 1224 1095 1267 praecepta
1126 1216 1278 1271 facessit
1294 1230 1304 1263 3
1340 1248 1344 1254 ,

135 1288 187 1325 ad
215 1287 379 1325 delubra
408 1288 525 1335 venit,
558 1295 792 1342 monstratas
822 1290 963 1327 excitat
992 1301 1089 1335 aras,

137 1365 320 1407 quattuor
349 1359 511 1396 eximios
542 1361 752 1408 praestanti
783 1372 946 1409 corpore
975 1366 1107 1397 tauros

137 1428 244 1466 ducit
274 1435 311 1466 et
342 1429 486 1466 intacta
515 1430 681 1467 totidem
712 1431 861 1468 cervice
892 1431 1088 1468 iuvencas.

139 1501 231 1537 Post
260 1499 327 1537 ubi
358 1512 463 1537 nona
492 1512 583 1537 suos
610 1501 760 1538 Aurora
791 1501 994 1539 induxerat
1024 1507 1142 1547 ortus,

137 1569 291 1607 inferias
321 1570 470 1618 Orphei
501 1571 629 1617 mittit,
661 1572 874 1620 lucumque
904 1572 1044 1609 revisit.

140 1640 220 1676 Hic
250 1652 341 1678 vero
371 1640 544 1678 subitum
575 1653 619 1679 ac
649 1642 756 1680 dictu
788 1641 964 1680 mirabile
994 1648 1212 1680 monstrum

136 1711 341 1759 aspiciunt,
374 1712 582 1766 liquefacta
614 1713 734 1750 boum
765 1725 833 1762 per
863 1714 1011 1751 viscera
1040 1720 1124 1750 toto
1164 1743 1167 1745 μ

137 1781 298 1819 stridere
328 1794 420 1831 apes
452 1789 561 1821 utero
592 1790 629 1821 et
659 1785 780 1833 ruptis
810 1781 993 1822 effervere
1023 1784 1155 1831 costis,
1208 1798 1245 1821 „a
1272 1814 1276 1818 ,

117 1837 428 1901 ¹'immensasque
453 1853 551 1910 tran-i
583 1853 720 1900 nubes,
756 1854 912 1903 iamque
942 1854 1079 1891 arbore
1108 1866 1262 1891 summa

101 1914 335 1960 *confluere
365 1928 403 1960 et
433 1923 550 1982 lentis
580 1936 695 1978 uvapi
726 1925 933 1962 demittere
963 1925 1089 1977 ramjs.

453 2029 471 2095 5
480 2058 498 2095 5
506 2021 557 2096 9-Ἰ
561 2059 579 2096 5
587 2049 608 2084 6
614 2050 646 2084 6.
713 2049 947 2095 Concluding
963 2049 1134 2096 (pilagme,

193 2143 306 2206 Ηξιξς
337 2157 451 2194 super
479 2158 658 2184 arvorum
689 2149 796 2185 cultu
827 2160 1093 2197 pecorumque
1123 2148 1314 2201 canebam

138 2220 174 2251 et
204 2227 318 2264 super
346 2216 560 2264 arboribus,
595 2218 739 2256 Caesar
769 2220 864 2256 dum
896 2232 1060 2268 magnus
1090 2220 1139 2258 ad
1170 2221 1292 2258 altum

788 2301 810 2326 E

1405 114 1458 165 65

1396 296 1471 346 535¹

1399 666 1462 697 540

1399 1019 1461 1050 545

1400 1373 1462 1404 550

1400 1728 1459 1758 555

1397 2227 1459 2269 560
1506 2228 1507 2231 ’
