1674 2532
558 134 711 165 LIBER
742 135 816 166 Ill.
882 125 1091 179 123-176.
1432 138 1483 180 31

159 241 368 290 diffugiunt
396 245 583 286 armenta,
615 239 705 276 furit
734 238 949 287 mugitibus
978 238 1115 276 aether
1428 255 1489 286 150

159 322 375 348 concussus
405 310 604 358 silvaeque
633 317 671 347 et
700 310 792 347 sicci
821 309 903 358 ripa
933 309 1113 358 Tanagri.

160 382 253 418 Hoc
282 380 485 430 quondam
515 387 692 418 monstro
722 380 925 418 horribiles
955 381 1127 418 exercuit
1157 380 1231 417 iras

159 451 344 488 Inachiae
375 452 478 488 Iuno
507 457 659 500 pestem
688 451 875 489 meditata
905 451 1104 488 iuvencae.

158 522 281 558 Hunc
311 534 481 570 quoque,
514 534 605 559 nam
635 521 776 559 mediis
806 521 1022 559 fervoribus
1051 522 1175 559 acrior
1204 521 1334 568 instat,

154 592 305 630 arcebis
334 593 494 641 gravido
523 592 666 641 pecori,
698 599 954 641 armentaque
983 605 1120 641 pasces
1425 608 1484 640 155

105 689 107 691 -
155 663 238 700 sole
267 675 402 700 recens
433 670 518 700 orto
547 670 615 700 aut
645 669 804 700 noctem
834 662 1071 700 ducentibus
1102 663 1223 700 astris.

204 785 396 833 157-178.
462 784 637 832 Tendz‘ng
660 783 708 832 of
725 785 844 821 calves
873 783 975 832 after
1002 784 1116 831 bz'rtlz,
1148 784 1232 821 and
1257 784 1433 833 trainz'ng

658 855 756 891 them
786 859 822 891 to
850 854 969 892 work.

208 943 302 980 Post
330 948 485 990 partum
514 954 606 979 cura
635 941 675 978 in
703 941 847 979 vitulos
877 942 1094 979 traducitur
1122 942 1279 989 omnis;

152 1013 424 1062 continuoque
453 1019 566 1050 notas
596 1018 634 1050 et
665 1012 826 1050 nomina
855 1013 981 1061 gentis
1011 1012 1182 1059 inurunt,

153 1089 192 1121 et
221 1095 322 1132 quos
351 1090 418 1121 aut
447 1083 579 1132 pecori
608 1083 746 1120 malint
776 1083 1020 1120 summittere
1050 1082 1237 1120 habendo

153 1160 220 1191 aut
248 1154 323 1191 aris
354 1166 506 1191 servare
535 1166 665 1191 sacros
694 1160 761 1190 aut
791 1153 970 1191 scindere
999 1160 1141 1191 terram
1419 1159 1482 1192 160

151 1230 190 1262 et
219 1237 404 1273 campum
434 1225 660 1262 horrentem
691 1224 820 1261 fractis
851 1224 1043 1261 invertere
1071 1223 1231 1273 glaebis.

151 1294 293 1333 Cetera
323 1302 538 1344 pascuntur
566 1295 708 1332 virides
738 1301 914 1332 armenta
943 1307 1012 1343 per
1040 1293 1208 1332 herbas:

149 1371 192 1402 tu
222 1377 322 1414 quos
351 1365 401 1403 ad
432 1365 604 1403 studium
634 1372 754 1415 atque
784 1378 900 1402 usum
930 1364 1117 1403 formabis
1146 1372 1351 1414 agrestem,

150 1435 228 1472 iam
257 1436 399 1473 vitulos
429 1436 584 1474 hortare
613 1436 795 1485 viamque
825 1436 962 1473 insiste
991 1436 1194 1482 domandi,

149 1505 246 1543 dum
274 1506 406 1543 faciles
435 1507 556 1543 animi
585 1506 783 1553 iuvenum,
815 1507 910 1544 dum
941 1505 1099 1544 mobilis
1128 1513 1246 1544 aetas.
1418 1512 1479 1554 165

151 1577 210 1614 Ac
239 1576 408 1625 primum
439 1578 546 1614 laxos
577 1577 685 1614 tenui
715 1577 766 1614 de
795 1577 941 1614 vimine
970 1577 1108 1614 circlos

148 1647 289 1685 cervici
318 1647 511 1685 subnecte
528 1662 538 1695 ;
576 1647 733 1694 dehinc,
765 1647 833 1684 ubi
863 1647 985 1685 libera
1015 1648 1115 1685 colla

148 1718 304 1756 servitio
333 1718 535 1765 assuerint,
567 1718 660 1767 ipsis
690 1731 711 1756 e
741 1717 946 1767 torquibus
975 1725 1088 1767 aptos

148 1788 267 1838 iunge
295 1801 418 1837 pares,
451 1795 490 1826 et
519 1801 616 1838 coge
645 1789 809 1838 gradum
839 1789 1017 1826 conferre
1047 1789 1262 1837 iuvencos;

146 1865 266 1907 atque
295 1859 368 1896 illis
398 1860 475 1896 iam
505 1872 622 1908 saepe
650 1866 759 1897 rotae
789 1859 983 1897 ducantur
1012 1859 1148 1897 inanes
1417 1875 1479 1907 170

147 1941 215 1978 per
244 1936 396 1976 terram,
428 1936 466 1967 et
496 1942 653 1967 summo
682 1930 843 1979 vestigia
872 1930 1032 1979 pulvere
1060 1930 1241 1979 signent;

146 2006 235 2048 post
264 2000 395 2037 valido
425 2001 554 2037 nitens
585 1999 658 2037 sub
688 2001 865 2049 pondere
893 2000 1047 2050 faginus
1077 2001 1158 2038 axis

145 2070 345 2119 instrepat,
377 2078 414 2108 et
444 2070 600 2108 iunctos
629 2077 736 2108 temo
766 2071 892 2108 trahat
921 2083 1057 2108 aereus
1087 2070 1213 2109 orbes.

147 2140 305 2177 Interea
334 2140 427 2189 pubi
460 2140 678 2178 indomitae
707 2153 788 2178 non
818 2141 993 2190 gramina
1021 2148 1176 2179 tanturn

148 2224 221 2249 nec
249 2224 385 2249 vescas
415 2212 578 2249 salicum
608 2212 768 2250 frondes
798 2214 1010 2263 ulvamque
1038 2214 1263 2263 palustrem,
1417 2230 1475 2263 ¹75

147 2282 217 2320 sed
246 2282 440 2320 frumenta
470 2295 589 2320 manu
619 2296 755 2332 carpes
786 2292 899 2332 sata3
938 2297 1012 2322 nec
1040 2283 1111 2322 tibi
1141 2285 1245 2323 fetae
