1674 2532
568 547 1136 601 GEORGICA.

585 789 776 822 LIBER
812 788 1095 821 TERTIUS.

182 903 292 948 1-48.
344 902 495 951 Subject
519 902 567 951 (ff
586 903 645 939 tlze
678 903 719 940 T
712 903 806 940 lzird
831 902 950 940 Book.
1005 903 1045 939 T
1038 902 1082 938 lze
1100 902 1226 951 poet’s
1255 901 1496 950 aspiratione

572 974 794 1011 Invocalion
822 973 871 1022 of
888 974 1101 1010 Maecenas.

176 1083 210 1119 T
216 1093 239 1119 Ε
271 1095 443 1131 quoque,
476 1094 617 1131 magna
649 1083 772 1129 Pales,
805 1090 843 1120 et
873 1089 911 1120 te
941 1082 1198 1120 memorande
1229 1093 1417 1119 canemus

178 1155 314 1190 Pastor
343 1152 393 1190 ab
423 1153 657 1202 Amphryso,
690 1166 769 1200 vos,
803 1153 921 1190 silvae
950 1165 1168 1201 amnesque
1200 1152 1351 1201 Lycaei.

177 1224 318 1262 Cetera
348 1236 449 1273 quae
478 1236 620 1261 vacuas
650 1224 868 1261 tenuissent
898 1224 1071 1260 carmine
1101 1230 1264 1269 mentes,

177 1295 309 1331 onmia
340 1295 417 1331 iam
447 1295 625 1343 vulgata:
667 1295 754 1344 quis
783 1301 850 1331 aut
881 1294 1099 1343 Eurysthea
1129 1294 1270 1331 durum

176 1371 243 1401 aut
272 1364 446 1402 illaudati
478 1365 601 1402 nescit
632 1365 821 1402 Busiridis
851 1365 964 1402 aras?

177 1435 253 1474 Cui
284 1448 364 1472 non
395 1435 522 1473 dictus
554 1436 679 1484 Hylas
709 1447 806 1484 puer
834 1442 872 1472 et
904 1435 1070 1472 Latonia
1102 1435 1225 1472 Delos

178 1505 516 1554 Hippodameque
545 1518 761 1555 umeroque
792 1505 934 1554 Pelops
963 1505 1125 1554 insignis
1155 1504 1317 1551 eburno,

175 1588 264 1613 acer
292 1576 434 1625 equis?
490 1577 699 1614 Tentanda
727 1577 789 1614 via
818 1583 887 1623 est,
919 1589 997 1625 qua
1026 1589 1089 1613 me
1119 1588 1278 1625 quoque
1308 1576 1455 1625 possim

177 1647 313 1685 tollere
343 1647 466 1684 humo
495 1647 697 1695 victorque
725 1647 851 1683 virum
880 1647 1041 1684 volitare
1071 1659 1139 1695 per
1168 1659 1244 1683 ora.

178 1718 330 1754 Primus
360 1730 432 1767 ego
462 1718 503 1754 in
532 1718 695 1766 patriam
728 1730 895 1765 mecum,
930 1717 1052 1755 modo
1081 1718 1158 1754 vita
1188 1718 1364 1766 supersit,
1464 1733 1501 1754 10

177 1789 308 1826 Aonio
339 1789 493 1826 rediens
523 1789 718 1826 deducam
749 1789 893 1826 vertice
924 1790 1089 1836 Musas3

176 1859 322 1908 primus
354 1858 563 1896 Idumaeas
594 1859 755 1897 referam
786 1859 868 1906 tibi,
902 1860 1079 1906 Mantua,
1113 1859 1273 1908 palmas,

175 1937 213 1967 et
242 1930 353 1967 viridi
383 1930 423 1966 in
453 1942 594 1979 campo
625 1930 817 1978 templum
849 1929 899 1967 de
929 1942 1123 1968 marmore
1153 1942 1300 1979 ponam

177 2007 334 2049 propter
362 2013 517 2049 aquarn,
549 2001 668 2038 tardis
698 2001 836 2050 ingens
865 1999 933 2038 ubi
964 2000 1129 2038 flexibus
1159 2008 1258 2037 errat

178 2071 351 2108 Mincius
382 2078 419 2108 et
448 2078 581 2108 tenera
610 2071 799 2119 praetexit
829 2071 1050 2108 harundine
1079 2071 1192 2119 ripas.
1465 2086 1501 2116 15

180 2142 228 2178 In
258 2141 391 2179 medio
422 2142 518 2178 mihi
549 2142 697 2180 Caesar
725 2142 796 2180 erit
826 2142 1102 2191 templumque
1132 2141 1307 2179 tenebit:

179 2213 231 2249 illi
261 2212 384 2250 victor
413 2225 485 2262 ego
515 2219 553 2251 et
582 2213 702 2262 Tyrio
732 2220 970 2262 conspectus
1000 2213 1039 2249 in
1069 2220 1175 2250 ostro

179 2290 338 2321 centum
368 2284 621 2333 quadriiugos
650 2284 807 2334 agitabo
836 2284 888 2322 ad
918 2284 1080 2321 flumina
1109 2296 1253 2321 currus.
