1674 2532
588 130 740 162 LIBER
771 130 845 161 ΠΙ.
910 129 1060 175 19-71.

1428 126 1478 168 27

206 280 348 319 49-72.
406 269 586 317 Rearing
610 268 659 318 of
675 270 795 306 cattle.
860 267 938 305 lee
955 267 1090 316 points
1118 265 1165 315 of
1183 279 1207 303 a
1231 265 1331 314 good
1355 277 1441 302 ἐστιν.

561 340 715 388 Proper
730 351 798 387 age
804 338 879 387 for
895 338 1079 386 breedz'ng.

214 442 292 480 Seu
321 443 409 491 quis
439 442 695 492 Olympiacae
724 442 885 480 miratus
915 442 1086 491 praemia
1115 441 1268 490 palmae

160 512 283 560 pascit
312 524 436 562 equos
465 525 534 550 seu
564 513 651 562 quis
681 513 799 550 fortes
828 512 880 550 ad
909 519 1033 550 aratra
1061 512 1260 557 iuvencos,

159 594 322 630 corpora
351 583 560 631 praecipue
590 590 757 620 matrum
787 583 900 632 legat.
960 582 1122 631 Optima
1151 588 1284 619 torvae

158 652 284 690 forma
314 652 436 700 bovis,
468 653 531 690 cui
561 660 673 702 turpe
701 660 830 702 caput,
862 653 926 690 cui
955 653 1122 702 plurima
1151 651 1290 698 cervix,

161 729 199 760 et
230 735 386 760 crurum
417 730 532 761 tenus
561 736 584 761 a
613 731 748 761 mento
778 724 947 772 palearia
975 723 1176 772 pendent3

159 801 242 830 turn
273 794 391 843 longo
421 795 551 832 nullus
581 794 690 832 lateri
719 794 887 842 modus3
929 793 1063 832 omnia
1092 805 1243 842 magna,

159 876 228 912 pes
257 864 402 912 etiam3
441 872 479 902 et
508 865 676 903 camuris
706 865 830 903 hirtae
859 864 932 903 sub
962 863 1148 902 cornibus
1178 875 1302 901 aures,

161 934 246 971 Nec
275 934 371 971 mihi
402 935 606 984 displiceat
635 936 798 973 maculis
828 935 990 985 insignis
1019 941 1057 973 et
1086 934 1188 981 albo,

160 1010 227 1041 aut
256 1005 345 1054 iuga
374 1005 597 1043 detractans
627 1006 905 1055 interdumque
935 1018 1071 1054 aspera
1099 1017 1222 1042 cornu

159 1082 197 1112 et
225 1075 365 1114 faciem
395 1083 506 1114 tauro
535 1077 703 1125 propior,
734 1089 916 1126 quaeque
944 1077 1066 1114 ardua
1094 1083 1177 1114 tota

159 1152 197 1182 et
225 1146 406 1194 gradiens
435 1147 513 1184 ima
541 1147 657 1185 verrit
685 1147 847 1197 vestigia
874 1147 1012 1185 cauda.

159 1217 279 1254 Aetas
310 1217 502 1254 Lucinam
531 1218 734 1267 iustosque
763 1218 843 1266 pati
873 1218 1112 1267 hymenaeos

159 1287 302 1325 desinit
330 1295 421 1326 ante
450 1289 601 1335 decem,
634 1295 722 1337 post
750 1295 935 1337 quattuor
964 1288 1099 1337 incipit
1128 1300 1283 1335 annos3

158 1364 286 1395 cetera
315 1370 389 1396 nec
419 1359 567 1397 feturae
596 1359 737 1397 habilis
767 1372 841 1397 nec
870 1359 980 1397 fortis
1008 1359 1154 1397 aratris

160 1428 326 1476 Interea,
358 1436 514 1478 superat
542 1429 724 1479 gregibus
753 1430 849 1467 dum
878 1430 981 1468 laeta
1009 1430 1198 1476 iuventas,

159 1498 266 1536 solve
294 1511 421 1537 mares
436 1514 446 1547 3
476 1500 587 1538 mitte
617 1501 658 1537 in
686 1501 885 1538 Venerem
914 1500 1097 1549 pecuaria
1126 1500 1285 1549 primus,

157 1576 275 1618 atque
304 1570 420 1607 aliam
450 1582 497 1608 ex
526 1571 602 1608 alia
630 1571 857 1620 generando
887 1571 1021 1608 suffice
1049 1571 1212 1619 prolem.

158 1638 320 1687 Optima
349 1652 531 1689 quaeque
560 1641 644 1678 dies
675 1641 825 1678 miseris
854 1640 1084 1679 mortalibus
1113 1641 1199 1678 aevi

158 1708 282 1756 prima
311 1709 433 1758 fugit:
472 1710 644 1749 subeunt
674 1711 802 1749 morbi
831 1712 1030 1760 tristisque
1059 1717 1252 1757 senectus,

158 1786 196 1818 et
225 1780 336 1818 labor
364 1788 402 1818 et
431 1781 553 1820 durae
583 1782 682 1831 rapit
711 1782 964 1820 inclementia
994 1782 1140 1820 mortis.

157 1851 324 1899 Semper
353 1858 477 1899 erunt,
510 1864 674 1901 quarum
705 1853 847 1890 mutari
876 1865 1042 1902 corpora
1071 1853 1211 1890 malis:

159 1932 315 1969 semper
345 1922 450 1959 enirn
480 1923 596 1961 refice
625 1936 682 1971 ac,
714 1936 765 1962 ne
794 1930 884 1973 post
912 1924 1055 1962 amissa
1083 1924 1268 1972 requiras,

160 1998 251 2029 ante
281 1992 369 2029 veni
399 1999 437 2030 et
467 1992 647 2032 subolem
676 2002 856 2033 armento
886 1995 1022 2033 sortire
1052 1995 1275 2044 quotannis.

1443 879 1483 909 55

1443 1222 1484 1252 60

1445 1940 1483 1967 70
