1674 2532
566 124 718 156 LIBER
750 124 822 156 Ill.
883 125 1046 169 457-51
1057 128 1095 165 4.

163 243 251 268 ossa
280 231 503 267 minutatim
533 229 674 268 morbo
703 230 876 278 collapsa
904 229 1094 267 trahebat.

164 302 289 349 Saepe
319 302 356 337 in
388 301 538 338 honore
567 301 686 338 deum
716 300 848 338 medio
878 307 984 337 stans
1013 299 1141 337 hostia
1169 300 1219 337 ad
1249 312 1365 345 aram,

165 372 276 409 lanea
306 371 399 408 dum
432 371 545 408 nivea
573 371 837 408 circumdatur
866 370 988 407 infula
1016 370 1122 415 vitta,

164 442 263 478 inter
291 448 522 479 cunctantes
552 441 695 478 cecidit
724 440 960 478 moribunda
990 440 1197 477 ministros.

162 513 242 549 Aut
271 511 303 549 si
333 524 452 560 quam
481 512 582 549 ferro
611 518 846 548 mactaverat
875 518 965 548 ante
995 511 1187 556 sacerdos,

162 582 255 619 inde
285 594 415 630 neque
445 582 637 630 impositis
666 582 804 619 ardent
833 581 966 618 altaria
996 580 1113 627 fibris,

162 664 235 689 nec
265 664 452 700 responsa
482 659 611 700 potest
641 652 844 689 consultus
874 651 1038 689 reddere
1067 658 1185 696 vates,

160 735 204 759 ac
234 723 296 759 vix
325 723 515 772 suppositi
545 723 775 772 tinguuntur
802 722 992 771 sanguine
1021 721 1130 759 cultri

161 805 394 842 summaque
423 794 553 830 ieiuna
582 795 690 830 sanie
719 793 933 829 infuscatur
962 793 1117 829 harena.

164 863 271 899 Hinc
301 864 411 901 laetis
441 863 550 900 vituli
579 863 696 912 vulgo
726 863 944 900 moriuntur
974 863 1013 899 in
1043 861 1184 909 herbis,

161 940 198 970 et
228 933 363 971 dulces
392 934 544 970 animas
574 934 690 982 plena
718 933 769 970 ad
798 933 998 982 praesepia
1028 933 1221 970 reddunt:

161 1004 253 1041 hinc
282 1003 446 1041 canibus
477 1003 631 1041 blandis
661 1002 787 1040 rabies
817 1003 934 1049 venit,
966 1010 1004 1040 et
1034 1003 1158 1052 quatit
1187 1015 1322 1052 aegros

159 1074 275 1112 tussis
304 1074 446 1111 anhela
475 1086 563 1111 sues
592 1086 638 1110 ac
668 1073 845 1110 faucibus
875 1074 981 1122 angit
1010 1073 1151 1111 obesis.

165 1144 325 1182 Labitur
355 1145 488 1182 infelix
517 1144 737 1182 studiorum
767 1151 885 1193 atque
915 1145 1122 1182 immemor
1152 1144 1297 1182 herbae

161 1216 283 1253 victor
312 1228 437 1264 equus
467 1216 676 1264 fontesque
705 1216 889 1253 avertitur
917 1222 956 1253 et
985 1216 1087 1264 pede
1116 1223 1255 1253 terram

160 1286 295 1324 crebra
325 1286 438 1333 ferit;
476 1286 670 1323 demissae
699 1298 823 1332 aures,
856 1286 1025 1323 incertus
1055 1286 1203 1323 ibidem

160 1357 280 1394 sudor
309 1363 347 1394 et
377 1357 441 1394 ille
470 1356 631 1405 quidem
662 1356 858 1394 morituris
889 1357 1060 1406 frigidus,
1092 1364 1173 1394 aret

160 1428 271 1475 pellis
301 1434 338 1465 et
366 1427 416 1464 ad
446 1434 593 1464 tactum
624 1427 803 1464 tractanti
834 1427 929 1464 dura
959 1428 1111 1464 resistit.

163 1499 276 1535 Haec
305 1505 397 1535 ante
428 1498 590 1535 exitium
620 1497 754 1546 primis
785 1497 881 1534 dant
911 1498 1021 1546 signa
1051 1497 1217 1543 diebus;

160 1569 219 1605 sin
250 1568 288 1604 in
319 1580 504 1616 processu
535 1568 666 1616 coepit
696 1568 926 1605 crudescere
956 1567 1128 1614 morbus,

159 1646 242 1676 turn
273 1651 364 1676 vero
393 1638 574 1675 ardentes
604 1639 708 1676 oculi
738 1645 856 1687 atque
886 1645 1070 1676 attractus
1100 1638 1150 1676 ab
1179 1640 1259 1676 alto

162 1710 330 1759 spiritus,
362 1709 561 1746 interdum
590 1709 738 1758 gemitu
767 1710 904 1758 gravis,
937 1710 1095 1758 imaque
1125 1710 1245 1760 longo

160 1780 222 1817 ilia
252 1780 422 1828 singultu
453 1779 633 1826 tendunt,
667 1780 695 1816 it
724 1779 884 1817 naribus
913 1787 995 1817 ater

161 1851 329 1900 sanguis,
362 1858 399 1888 et
429 1850 608 1887 obsessas
638 1850 770 1888 fauces
800 1851 941 1898 premit
970 1863 1106 1899 aspera
1136 1851 1278 1900 lingua.

162 1921 310 1959 Profuit
340 1921 484 1958 inserto
515 1920 648 1958 latices
678 1920 885 1958 infundere
914 1933 1036 1958 cornu

162 1992 361 2029 Lenaeos:
404 2003 450 2028 ea
478 1991 560 2028 visa
590 1991 692 2028 salus
722 1990 982 2028 morientibus
1012 2004 1117 2038 una3

161 2075 251 2100 mox
281 2069 361 2099 erat
390 2062 466 2099 hoc
495 2062 623 2110 ipsum
653 2061 781 2108 exitio,
812 2061 1000 2110 furiisque
1029 2062 1162 2099 refecti

160 2131 362 2179 ardebant,
395 2132 548 2181 ipsique
578 2145 668 2170 suos
698 2132 775 2169 iam
805 2139 930 2170 morte
960 2131 1033 2169 sub
1063 2145 1177 2181 aegra

160 2201 219 2250 (di
248 2203 409 2240 meliora
439 2203 512 2251 piis
541 2215 791 2251 erroremque
821 2202 1000 2240 hostibus
1030 2203 1138 2240 illum
1156 2203 1181 2253 1)

162 2274 345 2312 discissos
376 2273 492 2311 nudis
521 2272 721 2311 laniabant
751 2272 937 2311 dentibus
966 2280 1081 2311 artus,

1429 128 1482 169 43

1421 236 1482 276 485

1420 596 1486 629 490

1422 950 1484 980 495

1426 1302 1487 1333 500

1426 1655 1487 1686 505

1427 2008 1488 2039 5¹0
