1674 2532
601 114 753 145 LIBER
785 114 850 146 JV.
914 116 958 146 21
972 115 1125 158 7-270.

201 220 466 271 immunisque
495 220 637 257 sedens
666 220 793 258 aliena
822 220 872 258 ad
902 218 1045 268 pabula
1074 210 1189 274 fucus
1204 232 1213 264 5

200 297 266 328 aut
295 302 407 339 asper
436 289 573 337 crabro
604 289 818 338 imparibus
848 301 890 327 se
920 289 1131 326 immiscuit
1160 288 1288 333 armis,

149 370 153 374 ’
199 367 265 397 aut
295 360 422 398 dirum
452 361 571 409 tiniae
599 350 734 409 genus,
766 366 833 397 aut
862 360 985 397 invisa
1015 359 1217 396 Minervae

199 430 306 468 laxos
336 431 374 467 in
405 430 552 468 foribus
583 431 786 479 suspendit
815 442 956 467 aranea
985 441 1125 487 casses.
1251 475 1259 482 Ι
1284 476 1286 478 Γ

200 500 293 548 Quo
323 501 445 549 magis
475 501 686 538 exhaustae
715 501 868 547 fuerint,
901 501 977 537 hoc
1006 500 1131 537 acrius
1163 510 1301 536 omnes

199 570 432 608 incumbent
462 571 614 620 generis
643 572 740 620 lapsi
771 583 911 624 sargite
941 570 1083 616 ruinas,

200 641 537 690 complebuntque
567 642 670 699 forps
700 649 738 679 et
769 628 928 697 floribus
958 641 1096 692 horrea
1125 646 1266 678 texent.

339 819 532 867 251—280.
591 819 769 855 Diseases
798 818 845 866 of
862 818 939 854 bees
966 818 1049 854 and
1075 817 1175 854 their
1201 817 1385 854 remedies.

253 922 292 959 Si
322 933 425 968 vero,
457 922 646 970 quoniam
676 934 788 960 casus
817 921 958 970 apibus
987 933 1148 970 quoque
1178 927 1331 958 nostros

198 993 276 1029 vita
304 992 402 1038 tulit,
434 992 531 1029 tristi
561 991 804 1041 languebunt
833 1004 997 1041 corpora
1027 991 1222 1029 morbo-

198 1063 306 1111 quod
338 1063 414 1100 iam
446 1075 525 1100 non
556 1062 687 1100 dubiis
716 1063 861 1112 poteris
890 1074 1129 1111 cognoscere
1158 1062 1301 1110 signis:

197 1133 388 1171 continuo
418 1140 475 1170 est
504 1133 627 1182 aegris
656 1133 754 1171 alius
783 1133 916 1181 co10r3
953 1133 1110 1188 horrida
1140 1133 1291 1170 vultum

198 1203 590 1257 deformatgmacies3
628 1210 712 1241 turn
742 1216 905 1253 corpora
935 1204 1022 1241 luce
1051 1209 1254 1241 carentum

198 1281 402 1323 exportant
432 1275 544 1311 tectis
575 1281 612 1312 et
642 1274 767 1312 tristia
796 1275 931 1312 funera
961 1263 1136 1333 ducunt3

197 1352 263 1381 aut
294 1344 382 1382 illae
411 1344 580 1393 pedibus
609 1357 783 1395 con-exae
811 1345 863 1383 ad
891 1345 1027 1382 limina
1056 1345 1242 1393 pendent,

197 1421 264 1451 aut
293 1415 396 1452 intus
427 1416 567 1453 clausis
597 1422 832 1453 cunctantur
860 1416 900 1452 in
930 1415 1106 1462 aedibus,
1137 1427 1276 1453 omnes

197 1484 439 1538 ignavaeque
469 1486 571 1523 fame
601 1492 639 1523 et
668 1492 870 1533 contr-acto
899 1486 1038 1535 frigore
1068 1486 1222 1535 pigrae;

196 1561 280 1592 tum
310 1568 430 1592 sonus
460 1556 617 1593 auditur
644 1556 805 1607 gray-ior,
837 1556 1083 1605 tractimquex
1099 1563 1308 1602 susurrant,

197 1625 357 1674 frigidus
388 1633 429 1663 ut
459 1626 662 1675 quondam
692 1626 795 1664 silvis
826 1627 1097 1665 immurmurat
1127 1628 1279 1673 Auster,

196 1695 374 1733 ut‘mare
403 1697 612 1734 sollicitum
642 1697 768 1748 stridit
798 1696 1052 1735 refluentibus
1082 1697 1209 1743 undis,

193 1772 344 1823 aestuat
374 1774 415 1803 ut
445 1767 584 1805 clausis
613 1750 771 1816 rapidus
800 1767 1024 1805 fornacibus
1054 1768 1175 1816 ignis:

85 1873 87 1875 .
132 1878 136 1884 ‚
194 1829 258 1873 hic
288 1837 364 1873 iam
393 1836 606 1892 galbaneos
636 1833 813 1876 suadebo
842 1838 1053 1876 incendere
1082 1838 1223 1876 odores

195 1907 390 1956 mellaque
419 1908 672 1946 harundineis
702 1909 842 1946 inferre
870 1908 1084 1959 canalibus,
1115 1909 1216 1946 ultro

196 1977 417 2015 hortantem
449 1985 487 2016 et
516 1979 637 2016 fessas
666 1979 716 2017 ad
746 1978 890 2028 pabula
920 1985 1012 2016 nota
1041 1986 1260 2017 vocantem.

195 2047 373 2085 Proderit
402 2056 440 2086 et
469 2056 629 2086 tunsum
657 2050 782 2104 gaflae
811 2049 1028 2087 admiscere
1057 2062 1236 2098 saporem

193 2125 429 2168 arentesque
458 2131 576 2166 rosas,
607 2126 674 2157 aut
704 2119 782 2169 igni
812 2120 971 2169 pinguia
1000 2120 1125 2158 multo
1164 2140 1179 2149 -·

193 2177 357 2242 defruta,
388 2189 448 2226 vel
478 2184 621 2244 psithia
650 2202 785 2239 passos
815 2191 865 2228 de
893 2191 971 2229 vite
1000 2203 1176 2229 racemos

194 2258 511 2309 Cecropiumque
540 2244 719 2310 thymum
749 2268 787 2299 et
815 2273 930 2310 grave
959 2261 1105 2300 olentia
1134 2259 1352 2300 centaurea.

1460 302 1518 333 245

1462 654 1521 685 ²50

1460 1562 1520 1593 260

1456 1917 1517 1955 265
