1674 2532
197 123 252 173 64
736 129 863 162 GEOR
871 129 996 161 GJCA.

197 237 306 285 Quid
335 236 510 274 faceret?
540 249 619 285 quo
650 248 691 274 se
722 243 829 285 rapta
860 235 919 273 bis
949 234 1116 284 coniuge
1146 234 1288 272 ferret?

195 321 275 357 quo
305 308 398 345 fletu
429 309 582 354 Manes,
614 320 692 356 qua
721 307 885 344 numina
913 318 1011 344 voce
1042 306 1245 343 moveret?

197 379 270 416 Illa
298 378 461 427 quidem
491 372 621 427 Stygia
651 377 769 415 nabat
800 378 877 414 iam
907 376 1047 426 frigida
1073 375 1227 413 cumba.

195 450 356 498 Septem
386 449 495 485 illum
525 454 629 485 totos
658 447 866 496 perhibent
894 459 941 485 ex
971 446 1110 484 ordine
1139 457 1294 483 menses

196 532 290 568 rupe
321 518 394 557 sub
424 519 527 556 aeria
556 519 699 556 deserti
729 518 780 556 ad
809 517 1027 567 Strymonis
1057 516 1207 554 undam

195 591 358 637 flevisse,
384 597 421 628 et
452 590 591 639 gelidis
621 590 718 626 haec
748 588 939 626 evolvisse
969 586 1043 625 sub
1073 587 1204 633 antris,
1230 582 1248 599 ¹·

195 662 435 699 mulcentem
466 661 582 710 tigres
612 666 650 697 et
680 646 863 708 agentem
892 658 1066 695 carmine
1095 669 1288 706 querens;

195 732 320 781 qualis
349 732 519 780 populea
549 742 727 768 maerens
757 729 970 778 philomela
1000 727 1073 766 sub
1103 727 1242 765 umbra

195 802 360 840 amissos
389 802 563 850 queritur
592 801 705 845 fetus,
737 812 837 849 quos
867 800 987 853 du-rus
1016 804 1144 836 arator
1179 819 1190 843 f

195 873 408 910 observans
439 872 534 909 nido
564 856 773 920 implumes
803 870 994 916 detraxitg
1032 876 1070 906 at
1100 869 1165 906 illa

195 944 260 981 flet
291 949 460 989 noctem,
492 954 681 991 ramoque
711 941 853 979 sedens
884 939 1105 978 miserabile
1134 950 1293 976 carmen

195 1015 370 1063 integrat,
403 1020 441 1051 et
471 1013 629 1050 maestis
659 1013 735 1050 late
765 1012 851 1050 loca
881 1011 1085 1061 questibus
1115 1010 1261 1059 implet.

196 1086 316 1123 Nulla
344 1086 491 1130 Venus,
524 1096 605 1121 non
635 1084 702 1120 ulli
733 1083 909 1120 animum
939 1082 1080 1120 flexere
1109 1081 1329 1130 hymenaei.

195 1157 310 1195 Solus
340 1155 602 1204 hyperboreas
632 1154 773 1203 glacies
803 1153 1053 1201 Tanaimque
1082 1152 1250 1190 nivalem

195 1224 366 1276 arvaque
397 1226 586 1275 Rhipaeis
618 1237 835 1273 numquam
866 1224 1025 1261 viduata
1054 1223 1203 1272 pruinis

195 1297 394 1343 lustrabat,
426 1303 577 1345 raptam
609 1295 834 1345 Eurydicen
863 1281 982 1343 atque
1012 1294 1116 1330 irrita
1147 1293 1251 1330 Ditis
1286 1324 1287 1327 ,

1459 319 1521 351 505

1462 672 1524 704 510

1403 1005 1405 1007 ¹
1461 1025 1523 1058 515

195 1370 301 1407 dona
331 1380 522 1417 querens;
562 1373 713 1416 spretae
743 1366 940 1404 Ciconum
970 1377 1051 1413 quo
1081 1376 1244 1423 munere
1274 1371 1415 1402 matres
1428 1362 1436 1374 “’
1462 1352 1523 1412 5²0

149 1432 153 1436 ’
196 1440 296 1477 inter
325 1450 433 1476 sacra
462 1438 581 1476 deum
612 1436 874 1485 nocturnique
903 1435 1010 1485 orgia
1040 1435 1186 1472 Bacchi

195 1511 436 1558 discerptum
466 1509 564 1546 latos
594 1508 777 1545 iuvenem
808 1519 983 1556 sparsere
1012 1518 1081 1555 per
1110 1518 1233 1555 agros.

196 1582 301 1618 Turn
331 1591 738 1629 quoquesmarmorea
767 1584 885 1627 caput
915 1590 937 1615 a
966 1577 1118 1614 cervice
1147 1576 1344 1614 revulsum

195 1651 345 1700 gurgite
375 1663 465 1687 cum
496 1649 629 1687 medio
658 1655 818 1698 portans
849 1648 1039 1698 Oeagrius
1072 1646 1234 1684 Hebrus

195 1723 377 1767 volveret,
412 1720 635 1769 Eurydicen
665 1732 740 1757 vox
771 1719 855 1768 ipsa
884 1725 922 1756 et
951 1718 1089 1767 frigida
1119 1718 1251 1766 lingua
1279 1726 1285 1731 ·

1462 1733 1523 1764 525

198 1793 322 1830 “Ah!
362 1792 544 1829 miseram
576 1790 800 1840 Eurydicen
815 1791 834 1806 '⁷
863 1788 1197 1837 anima‚fugiente
1226 1786 1403 1834 vocabat,

196 1863 420 1912 Eurydicen
449 1869 533 1899 toto
564 1860 783 1917 referebant
813 1860 974 1897 flumine
1003 1859 1134 1908 ripae?

230 1934 369 1971 Haec
400 1934 575 1979 Proteus,
607 1938 645 1969 et
675 1943 717 1969 se
747 1931 850 1968 iactu
880 1930 990 1968 dedit
1020 1941 1168 1997 aequor
1196 1929 1236 1965 in
1265 1929 1399 1974 altum,

198 2017 356 2055 quaque
386 2003 506 2050 dedit,
538 2009 789 2051 spumantem
820 2001 968 2039 undam
998 1999 1072 2038 sub
1100 1992 1245 2037 ¹vertice
1275 1976 1419 2036 torsit

198 2077 250 2114 At
281 2087 361 2112 non
392 2075 571 2123 Cyrene3
610 2085 782 2122 namque
811 2072 912 2110 ultro
941 2071 1056 2109 affata
1084 2070 1313 2108 timentem:

256 2147 392 2192 ‘Nate‚
424 2145 514 2182 licet
543 2144 671 2182 tristes
700 2143 834 2181 animo
864 2143 1064 2192 deponere
1092 2153 1215 2178 curas.

201 2218 315 2255 Haec
344 2216 474 2254 omnis
505 2214 630 2253 morbi
661 2227 788 2261 causa,
821 2214 912 2251 hinc
942 2212 1163 2250 miserabile
1193 2210 1413 2261 Nymphae,

197 2300 289 2326 cum
321 2286 464 2337 quibus
494 2287 558 2324 illa
586 2286 728 2324 choros
758 2285 855 2322 lucis
884 2282 1055 2347 agitffibat
1085 2283 1124 2320 in
1154 2282 1251 2329 altis,

1464 2084 1526 2117 530
