1674 2532
171 137 196 172 4
206 135 224 163 z
706 131 832 163 GEOR
840 132 965 164 GJCA.

173 238 281 285 Quin
313 238 442 284 etiarn,
474 238 552 274 ima
581 237 694 275 dolor
722 236 925 275 balantum
955 237 1085 286 lapsus
1114 237 1165 275 ad
1194 249 1281 275 ossa

173 320 262 344 cum
294 308 383 345 furit
412 314 531 357 atque
560 314 665 345 artus
695 307 918 356 depascitur
947 308 1055 345 arida
1084 307 1212 353 febris,

174 379 317 426 profuit
348 379 530 416 incensos
560 385 690 415 aestus
720 385 892 415 avertere
921 384 960 415 et
989 378 1089 415 inter

172 450 249 485 ima
280 449 391 487 ferire
420 449 532 498 pedis
562 449 766 486 salientem
796 448 985 497 sanguine
1014 460 1166 494 venam,
1435 452 1500 493 460

179 520 344 557 Bisaltae
374 532 453 568 quo
482 531 592 556 more
622 519 749 556 solent
778 531 946 567 acerque
975 518 1165 564 Gelonus,

173 603 263 626 curn
294 590 390 639 fugit
420 590 460 626 in
491 589 719 638 Rhodopen
749 595 868 638 atque
897 589 936 626 in
967 589 1120 626 deserta
1149 589 1350 634 Getarum,

172 669 209 698 et
241 661 299 698 lac
329 667 558 698 concretum
588 672 680 697 curn
711 660 900 708 sanguine
929 666 1039 708 potat
1068 659 1225 708 equino.

174 734 305 779 Quam
337 731 472 779 procul
502 737 569 768 aut
599 731 707 771 molli
738 730 950 768 succedere
980 730 1134 779 saepius
1163 728 1327 767 umbrae

172 803 324 848 videris,
355 808 422 839 aut
452 813 625 839 summas
655 808 882 849 carpentem
913 801 1089 850 ignavius
1119 799 1260 838 herbas
1436 805 1499 846 465

173 881 467 921 extremamque
497 872 620 921 sequi,
646 878 714 909 aut
743 872 877 909 medio
906 871 1166 921 procumbere
1195 883 1337 920 campo

173 950 399 991 pascentem
430 950 467 980 et
497 955 604 980 serae
634 943 758 980 solam
788 942 981 980 decedere
1010 942 1129 988 nocti,

172 1014 362 1051 continuo
392 1014 549 1062 culpam
579 1013 681 1051 ferro
711 1025 931 1062 compesce,
962 1013 1190 1062 priusquam

172 1084 254 1120 (lira
284 1097 353 1133 per
381 1085 582 1122 incautum
613 1091 771 1134 serpant
800 1084 981 1133 contagia
1010 1084 1159 1133 vulgus.

175 1157 266 1192 Non
297 1162 376 1192 tam
407 1155 543 1193 creber
571 1168 690 1204 agens
721 1155 892 1193 hiemem
922 1155 996 1192 ruit
1025 1166 1195 1203 aequore
1226 1153 1352 1200 turbo,
1438 1168 1502 1201 470

172 1239 290 1274 quam
322 1227 468 1264 multae
498 1227 696 1275 pecudum
726 1233 867 1274 pestes.
929 1226 1014 1263 Nec
1045 1225 1195 1274 singula
1226 1223 1353 1262 morbi

172 1310 335 1346 corpora
364 1297 591 1346 corripiunt,
623 1297 693 1334 sed
723 1303 806 1334 tota
834 1296 981 1334 aestiva
1011 1302 1182 1345 repente,

172 1380 362 1416 spemque
388 1380 627 1417 gregemque
657 1368 773 1405 simul
794 1374 1059 1416 cunctamque
1088 1366 1139 1404 ab
1160 1367 1308 1416 origine
1328 1373 1500 1416 gentem.

170 1431 275 1475 'l‘um
306 1439 414 1486 sciat,
448 1439 571 1476 aerias
602 1439 724 1488 Alpes
756 1445 793 1476 et
826 1438 972 1475 Norica
1003 1438 1034 1475 si
1064 1438 1152 1487 quis

172 1510 331 1547 castella
360 1510 400 1546 in
429 1509 591 1547 tumulis
621 1516 659 1547 et
690 1509 850 1558 Iapydis
879 1521 969 1546 arva
999 1508 1153 1545 Timavi
1438 1521 1500 1554 475

172 1593 278 1617 nunc
308 1593 469 1630 quoque
499 1587 589 1629 post
618 1586 729 1617 tanto
758 1580 889 1617 videat
919 1580 1154 1628 desertaque
1183 1591 1301 1628 regna

173 1659 372 1700 pastorum
403 1658 441 1689 et
471 1652 588 1700 longe
617 1651 737 1688 saltus
766 1651 923 1700 lateque
952 1656 1147 1687 vacantes.

309 1773 415 1820 478—
419 1774 507 1822 566.
564 1772 809 1821 Descrz'ptz’on
839 1772 887 1821 os
904 1785 928 1808 a
960 1772 1110 1809 terrible
1129 1772 1338 1820 pestilence.

180 1863 258 1900 Hic
288 1862 492 1911 quondam
522 1860 663 1898 morbo
693 1861 788 1898 caeli
820 1860 1042 1898 miseranda
1072 1866 1206 1897 coorta
1235 1866 1293 1897 est

173 1940 387 1982 tempestas
417 1939 581 1981 totoque
609 1931 789 1969 autumni
820 1931 1024 1968 incanduit
1053 1937 1175 1977 aestu,

172 2012 209 2042 et
238 2016 362 2053 genus
392 2015 511 2040 omne
542 2003 628 2040 neci
659 2002 858 2051 pecudum
888 2002 1009 2048 dedit,
1041 2014 1160 2039 omne
1188 2002 1368 2048 serarum,
1437 2008 1502 2048 480

172 2075 427 2123 corrupitque
457 2074 575 2119 lacus,
608 2073 741 2110 infecit
771 2071 915 2121 pabula
945 2072 1049 2110 tabo.

174 2147 261 2183 Nec
292 2145 354 2182 via
385 2144 522 2182 mortis
553 2151 632 2182 erat
663 2144 838 2192 simplex,
871 2143 941 2180 sed
971 2142 1038 2180 ubi
1068 2143 1182 2192 ignea
1210 2142 1321 2180 venis

172 2216 357 2253 omnibus
387 2222 473 2252 acta
503 2215 584 2252 sitis
614 2215 778 2252 miseros
808 2214 1024 2252 adduxerat
1052 2220 1169 2260 artus,

173 2299 302 2323 rursus
331 2285 566 2323 abundabat
596 2285 741 2323 fluidus
772 2285 900 2334 liquor
929 2284 1142 2333 omniaque
1172 2284 1211 2321 in
1241 2296 1283 2322 se
