1674 2532
185 143 241 197 36
721 151 848 183 GEOR
856 150 980 183 GJCA.

184 262 378 312 lanigeros
407 261 551 311 agitare
578 274 713 311 greges
743 262 943 311 hirtasque
971 261 1150 311 capellas.

186 333 268 370 Hic
298 332 418 378 labor,
451 333 543 369 hinc
572 333 731 370 laudem
761 333 879 371 fortes
909 340 1060 381 sperate
1089 331 1231 369 coloni.

186 404 273 441 Nec
303 416 389 440 sum
418 403 539 440 animi
570 402 725 450 dubius,
757 403 884 441 verbis
915 415 960 441 ea
988 403 1144 440 vincere
1172 413 1361 451 magnum

185 486 303 522 quam
335 474 382 511 sit
412 480 449 511 et
478 474 651 522 angustis
682 474 788 510 hunc
816 474 962 511 addere
991 473 1108 511 rebus
1137 473 1355 519 honorem3
1449 485 1512 519 290

185 545 255 582 sed
285 557 348 582 1116
378 545 538 582 Parnasi
568 545 720 582 deserta
749 557 818 593 per
846 545 966 582 ardua
996 544 1122 582 dulcis

184 623 310 665 raptat
339 629 474 664 amor3
517 616 622 653 iuvat
652 616 706 653 ire
736 616 845 664 iugis,
877 628 955 664 qua
985 616 1091 652 nulla
1121 615 1294 664 priorum

186 686 399 724 Castaliam
429 685 537 722 molli
569 685 780 723 devertitur
809 684 911 723 orbit
964 685 1077 722 clivo.

187 756 315 803 Nunc,
347 756 572 793 veneranda
603 756 726 803 Pales,
759 768 903 805 magno
933 768 1040 792 1111116
1069 767 1136 792 016
1165 754 1401 792 sonandum.

241 827 442 876 Incipiens
471 826 634 864 stabulis
664 827 778 864 edico
808 827 848 863 in
878 825 1064 864 mollibus
1094 825 1256 863 herbam
1450 840 1510 874 295

184 910 343 947 carpere
373 910 476 944 oves,
508 897 605 935 dum
635 910 727 934 mox
757 897 943 934 frondosa
972 897 1171 935 reducitur
1198 903 1336 943 aestas,

185 976 223 1007 et
253 969 376 1005 multa
406 968 544 1005 duram
575 968 717 1017 stipula
747 969 976 1017 filicumque
1005 967 1188 1016 maniplis

185 1046 358 1077 sternere
387 1038 521 1076 subter
550 1039 728 1086 humum,
758 1039 902 1089 glacies
932 1052 981 1076 ne
1011 1035 1148 1095 fr'igjda
1177 1039 1307 1076 laedat

180 1111 304 1147 'molle
333 1122 465 1158 pecus,
498 1109 753 1159 scabiemque
782 1110 878 1148 ferat
907 1117 1119 1159 turpesque
1148 1110 1351 1159 podagras.

186 1182 280 1218 Post
309 1180 402 1217 hinc
432 1180 627 1230 digressus
657 1180 777 1219 iubeo
806 1181 1030 1219 frondentia
1059 1181 1185 1230 capris
1451 1195 1514 1226 300

185 1253 324 1290 arbuta
354 1252 532 1290 sufficere
562 1259 600 1290 et
630 1252 769 1290 fluvios
799 1252 986 1301 praebere
1015 1259 1203 1299 recentes,

185 1330 222 1361 et
253 1322 406 1360 stabula
435 1335 458 1360 a
486 1323 612 1360 ventis
642 1323 809 1361 hiberno
839 1336 1040 1372 opponere
1070 1323 1141 1360 soli

184 1395 235 1434 ad
264 1394 440 1432 medium
470 1407 659 1432 conversa
687 1395 805 1442 diem,
837 1407 927 1432 cum
957 1394 1118 1444 frigidus
1148 1394 1242 1432 olim

185 1465 263 1502 iam
293 1465 398 1502 cadit
428 1472 683 1515 extremoque
713 1466 847 1503 irrorat
877 1466 1072 1515 Aquarius
1101 1478 1218 1503 anno.

187 1537 303 1574 Haec
333 1549 494 1585 quoque
523 1549 604 1574 non
634 1549 726 1574 cura
756 1536 870 1574 nobis
900 1537 1044 1574 leviore
1073 1537 1256 1583 tuendae,
1452 1551 1513 1583 305

186 1620 260 1646 1166
289 1608 418 1645 minor
446 1621 540 1645 usus
570 1608 651 1655 erit,
684 1608 863 1657 quamvis
894 1608 1050 1646 Milesia
1078 1620 1223 1657 magno

185 1679 329 1716 vellera
358 1685 559 1717 mutentur
588 1679 727 1728 Tyrios
757 1679 912 1717 incocta
941 1678 1129 1717 rubores:

186 1750 346 1788 densior
374 1750 467 1787 hinc
497 1749 666 1797 suboles,
699 1750 791 1787 hinc
819 1751 912 1800 largi
942 1750 1056 1798 copia
1085 1750 1219 1797 lacti83

187 1833 306 1871 quam
336 1822 459 1871 magis
490 1822 679 1860 exhausto
709 1821 947 1870 spumaverit
977 1821 1097 1859 ubere
1126 1821 1301 1868 mulctra,

185 1892 288 1930 laeta
317 1893 440 1941 magis
470 1893 612 1941 pressis
642 1892 861 1930 manabunt
892 1892 1054 1929 flumina
1083 1892 1276 1930 mammis.
1451 1907 1514 1938 310

187 1963 273 2001 Nec
303 1963 433 2001 minus
462 1963 609 2001 interea
639 1963 779 2001 barbas
809 1963 1030 2012 incanaque
1058 1969 1192 2001 menta

187 2034 372 2083 Cinyphii
402 2035 570 2072 tondent
600 2035 694 2072 hirci
725 2042 931 2084 saetasque
959 2041 1162 2072 comantes

188 2117 302 2142 usum
332 2105 371 2142 in
402 2112 617 2143 castrorum
647 2113 686 2144 et
715 2106 865 2144 miseris
894 2105 1088 2143 velamina
1118 2105 1256 2143 nautis.

188 2177 406 2214 Pascuntur
434 2188 527 2214 vero
557 2177 671 2214 silvas
701 2183 740 2214 et
769 2189 923 2214 summa
953 2177 1094 2225 Lycaei

187 2247 470 2296 horrentesque
500 2246 619 2285 rubos
649 2254 687 2285 et
715 2254 894 2285 amantes
922 2247 1044 2285 ardua
1073 2247 1240 2294 dumos;
1450 2263 1513 2295 315

187 2324 307 2368 atque
337 2318 443 2368 ipsae
473 2331 668 2357 memores
697 2319 863 2357 redeunt
893 2318 933 2356 in
963 2325 1075 2366 tecta,
1107 2330 1279 2368 suosque
