1674 2532
155 114 211 165 56
696 119 956 152 GEORGICA.

157 227 226 265 Est
256 227 374 265 etiam
404 226 475 264 flos
505 226 544 263 in
575 225 703 274 pratis,
735 226 798 263 cui
828 238 975 264 nomen
1003 225 1147 263 amello

155 298 281 335 fecere
309 297 514 346 agricolae,
547 296 670 333 facilis
700 296 980 345 quaerentibus
1010 295 1132 334 herba
1148 309 1159 343 3

156 380 326 417 namque
355 380 436 405 uno
467 367 667 416 ingentem
696 367 797 404 tollit
827 367 878 404 de
906 367 1080 415 caespite
1109 366 1246 404 silvam

154 450 294 475 aureus
325 439 420 494 ipje,
453 438 523 475 sed
554 438 592 474 in
622 437 736 484 soliis,
769 449 872 486 quae
900 437 1068 486 plurima
1098 437 1246 474 circum

154 509 382 562 funduntur,
414 509 540 546 violae
570 507 768 557 sublucet-n
780 520 951 557 purpura
981 508 1113 557 nigrae
1128 521 1139 555 ;
1422 517 1482 551 275

154 591 270 628 saepe
301 579 419 617 deum
450 578 558 617 nexis
589 584 749 616 ornatae
779 577 986 630 torquibus
1015 590 1129 625 arae3

153 662 265 698 asper
295 650 334 686 in
364 662 430 687 ore
460 661 599 698 sapor3
637 649 760 699 tonsis
790 650 830 686 in
859 648 1025 686 vallibus
1055 648 1164 685 illum

154 727 328 768 pastores
357 726 395 757 et
413 732 542 759 ‚curva
571 706 706 769 legunt
735 731 858 768 prope
887 719 1049 756 flumina
1079 719 1236 757 Mellae.

156 791 287 828 Huius
318 791 483 828 odorato
512 791 664 828 radices
693 790 864 838 incoque
895 789 1066 836 Baccho,

153 861 377 912 pabulaque
407 862 446 899 in
477 861 625 899 foribus
656 861 782 910 plenis
812 872 969 910 appone
999 860 1187 915 canistris.
1424 867 1485 898 280

230 1024 425 1072 281-314.
484 1024 522 1060 A
528 1022 688 1070 rttficial
711 1022 973 1071 reproduction
1006 1020 1054 1070 of
1073 1034 1097 1058 a
1126 1021 1226 1059 stock
1254 1021 1301 1070 of
1321 1019 1408 1060 bees.

207 1129 286 1166 Sed
315 1128 346 1165 si
376 1139 495 1176 quem
527 1127 655 1176 proles
686 1126 819 1164 subito
848 1126 1036 1164 defecerit
1066 1127 1207 1173 omnis,

155 1211 238 1245 nec,
269 1211 393 1248 genus
423 1198 531 1236 unde
561 1210 687 1236 novae
717 1197 845 1246 stirpis
875 1204 1090 1243 revocetur,
1123 1196 1295 1243 habebit,

153 1277 308 1318 tempus
338 1276 375 1307 et
406 1269 567 1307 Arcadii
598 1269 856 1307 memoranda
886 1268 1045 1306 inventa
1075 1268 1246 1317 magistri

154 1341 336 1387 pandere,
370 1352 531 1389 quoque
560 1340 683 1377 modo
712 1326 836 1377 caesis
867 1339 944 1376 iam
975 1351 1093 1388 saepe
1123 1338 1298 1377 iuvencis

154 1411 371 1448 insincerus
401 1423 496 1460 apes
526 1411 657 1449 tulerit
686 1422 811 1448 cruor.
870 1410 999 1466 Altius
1029 1421 1190 1447 omnem
1424 1417 1484 1457 285

154 1482 360 1530 expediam
389 1482 515 1530 prima
544 1488 726 1535 repetens
755 1480 806 1519 ab
836 1481 986 1530 origine
1015 1481 1171 1518 famam.

156 1553 259 1589 Nam
289 1565 367 1602 qua
397 1553 541 1591 Pellaei
570 1565 666 1602 gens
695 1553 891 1590 fortunata
920 1552 1075 1601 Canopi

153 1623 294 1660 accolit
323 1625 448 1661 effuso
477 1631 725 1673 stagnantem
755 1623 919 1661 flumine
949 1623 1086 1660 Nilum

155 1700 193 1731 et
221 1694 369 1732 circum
399 1695 514 1743 pictis
544 1695 698 1732 vehitur
727 1707 797 1732 sua
826 1702 913 1731 'rura
942 1694 1124 1743 phaselis,

155 1777 312 1813 quaque
340 1766 589 1814 pharetratae
619 1766 761 1803 vicinia
792 1765 962 1803 Persidis
992 1771 1114 1814 urget,
1422 1781 1484 1815 290

155 1843 192 1873 et
221 1837 373 1874 diversa
403 1849 519 1875 ruens
549 1844 700 1886 septem
730 1837 910 1875 discurrit
938 1837 979 1873 in
1008 1848 1076 1874 ora

156 1914 193 1945 et
223 1908 386 1945 viridem
417 1889 641 1957 A‘egyptum
672 1908 780 1957 nigra
810 1907 996 1945 fecundat
1026 1907 1170 1945 harena

155 1991 280 2028 usque
309 1979 490 2016 coloratis
519 1979 647 2035 amnis
677 1979 849 2016 devexus
878 1978 929 2037 ab
960 1978 1082 2025 Indis,

155 2050 284 2087 omnis
314 2050 353 2086 in
383 2049 457 2087 hac
486 2033 632 2088 certam
663 2049 770 2099 regio
800 2049 890 2105 iacit
919 2033 1000 2098 arte
1030 2049 1208 2087 salutem.

157 2121 329 2169 Exiguus
359 2121 527 2169 primum
558 2128 677 2170 atque
706 2120 811 2169 ipsos
840 2126 1064 2177 contractus
1094 2120 1134 2157 in
1164 2132 1256 2157 usus
1424 2137 1484 2170 295

156 2192 308 2241 eligitur
336 2192 472 2239 locus3
505 2192 611 2229 hunc
640 2192 875 2241 angustique
904 2190 1066 2229 imbrice
1096 2191 1188 2229 tecti

156 2261 450 2312 parietibusque
480 2269 664 2312 premunt
692 2262 794 2308 artis,
825 2268 864 2300 et
894 2268 1077 2312 quattuor
1105 2261 1259 2300 addunt
