1674 2532
185 145 238 200 38
619 197 621 199 ι
720 154 846 186 GEOR
855 155 979 187 GJCA.

185 279 442 316 armentarius
472 279 565 316 Afer
593 279 681 327 agit,
713 285 941 327 tectumque
970 279 1169 327 laremque

186 362 373 398 armaque
402 349 742 398 Amyclaeumque
771 360 910 386 canem
941 349 1204 397 Cressamque
1234 348 1482 397 pharetram3

188 433 268 457 non
299 433 410 458 secus
440 433 486 457 ac
516 420 649 468 patriis
678 432 767 457 acer
797 421 1004 457 Romanus
1035 420 1075 456 in
1105 420 1221 457 armis
1450 425 1513 466 346

189 492 334 529 iniusto
364 491 437 528 sub
467 492 571 528 fasce
601 491 704 528 viam
734 503 823 527 cum
855 491 987 539 carpit,
1020 497 1058 528 et
1087 491 1189 528 hosti

187 570 279 600 ante
309 568 578 610 exspectatum
609 562 745 610 positis
776 569 849 599 stat
880 561 919 598 in
947 561 1103 610 agmine
1133 562 1277 598 castris.

244 634 295 669 At
326 645 406 669 non
437 645 514 681 qua
544 632 725 680 Scythiae
753 639 889 681 gentes
921 632 1176 680 Maeotiaque
1206 632 1323 678 unda,

189 704 369 741 turbidus
399 711 437 740 et
466 710 654 751 torquens
684 703 871 741 flaventes
904 703 1041 740 Hister
1069 703 1245 749 harenas,
1455 718 1519 750 350

189 787 347 823 quaque
377 775 476 812 redit
506 774 682 811 medium
713 774 913 822 Rhodope
943 780 1121 822 porrecta
1150 773 1224 811 sub
1253 786 1365 812 axem

192 847 276 884 Illic
306 846 438 883 clausa
467 852 603 882 tenent
633 844 795 882 stabulis
824 851 1012 891 armenta,
1045 857 1175 893 neque
1204 845 1306 882 ullae

190 924 256 954 aut
286 916 431 954 herbae
460 928 602 964 campo
631 922 821 964 apparent
850 922 916 953 aut
946 915 1085 953 arbore
1115 916 1301 962 frondes:

191 989 260 1026 sed
291 989 389 1025 iacet
418 987 623 1037 aggeribus
654 988 777 1025 niveis
808 987 984 1024 informis
1015 994 1053 1025 et
1081 988 1161 1025 alto

191 1068 291 1098 terra
319 1060 407 1109 gelu
438 1060 525 1104 late,
558 1065 791 1107 septemque
819 1058 983 1107 assurgit
1015 1059 1054 1095 in
1085 1059 1207 1095 ulnas.
1458 1073 1519 1104 355

192 1132 354 1179 Semper
384 1130 547 1178 hiemps,
581 1142 735 1178 semper
765 1129 954 1177 spirantes
985 1129 1125 1178 frigora
1155 1128 1283 1167 Cauri.

192 1203 297 1238 Tum
328 1202 386 1238 sol
416 1181 607 1249 pallentes
637 1200 744 1237 haud
774 1212 961 1249 umquam
995 1200 1154 1237 discutit
1185 1199 1355 1246 umbras,

193 1286 266 1310 nec
296 1285 386 1310 cum
417 1272 594 1309 invectus
625 1271 736 1320 equis
766 1271 889 1308 altum
919 1271 1017 1319 petit
1045 1271 1212 1317 aethera,
1246 1283 1320 1308 nec
1349 1283 1438 1308 cum

193 1344 447 1393 praecipitem
478 1342 629 1380 Oceani
658 1341 776 1379 rubro
806 1342 897 1379 lavit
927 1354 1098 1390 aequore
1128 1354 1295 1378 currum.

194 1416 465 1454 Concrescunt
496 1413 649 1451 subitae
679 1413 848 1450 currenti
879 1413 918 1450 in
949 1413 1111 1450 flumine
1140 1420 1303 1459 crustae,
1459 1419 1522 1459 360

194 1486 380 1535 undaque
410 1486 487 1522 iam
518 1491 626 1534 tergo
657 1485 817 1522 ferratos
847 1484 1012 1521 sustinet
1041 1483 1167 1530 orbes,

194 1557 392 1607 puppibus
422 1557 486 1593 illa
516 1556 631 1604 prius,
664 1555 806 1604 patulis
836 1568 942 1592 nunc
972 1555 1126 1604 hospita
1155 1555 1360 1604 plaustri53

193 1640 362 1676 aeraque
391 1627 587 1664 dissiliunt
616 1627 743 1675 vulgo,
775 1632 983 1675 vestesque
1012 1627 1207 1675 rigescunt

196 1699 367 1745 indutae,
400 1698 653 1746 caeduntque
683 1697 885 1735 securibus
916 1697 1051 1735 umida
1080 1698 1181 1743 vina,

195 1779 233 1808 et
262 1777 368 1808 totae
398 1769 563 1807 solidam
595 1769 633 1805 in
663 1769 828 1818 glaciem
858 1775 1007 1806 vertere
1036 1769 1211 1815 lacunae,
1461 1774 1522 1815 365

195 1842 379 1890 stiriaque
408 1841 572 1889 impexis
602 1840 776 1877 induruit
806 1839 963 1877 horrida
993 1839 1135 1877 barbis.

198 1913 351 1949 Interea
380 1918 463 1949 toto
494 1924 575 1948 non
605 1911 724 1948 setius
753 1915 841 1948 ae're
870 1911 1045 1960 ninguit:

196 1985 391 2021 intereunt
420 1983 604 2031 pecudes,
637 1989 740 2019 stant
770 1982 1004 2019 circumfusa
1034 1982 1182 2031 pruinis

196 2067 359 2103 corpora
389 2066 530 2102 magna
561 2053 695 2100 boum,
728 2053 988 2102 confertoque
1017 2054 1174 2102 agmine
1203 2054 1306 2091 cervi

196 2132 353 2174 torpent
382 2125 487 2162 mole
518 2137 619 2162 nova
649 2131 687 2162 et
717 2124 880 2161 summis
910 2124 972 2161 vix
1001 2124 1186 2162 cornibus
1217 2132 1379 2163 exstant.
1463 2140 1525 2173 370

204 2198 288 2233 Hos
318 2208 400 2233 non
430 2196 614 2232 immissis
644 2195 818 2241 canibus,
851 2207 932 2232 non
961 2194 1136 2232 cassibus
1167 2196 1254 2233 ullis

199 2267 436 2315 puniceaeve
466 2266 613 2315 agitant
643 2266 805 2314 pavidos
836 2266 1046 2303 formidine
1076 2279 1241 2315 pennae,

197 2337 267 2375 sed
297 2337 436 2374 frustra
465 2337 693 2386 oppositum
722 2336 924 2374 trudentes
954 2344 1113 2386 pectore
1143 2344 1320 2376 montem
