1674 2532
182 121 236 174 48
719 127 844 160 GEOR
853 127 978 159 GJCA.

309 287 452 336 51—66.
512 284 850 333 Swarming-time.
905 282 1126 321 Directions
1142 280 1217 330 for
1242 279 1386 329 hiving.

241 375 584 425 Quodfsuperest,
616 372 683 410 ubi
713 373 867 421 pulsam
897 371 1069 408 hiemem
1100 369 1167 407 Sol
1195 380 1336 406 aureus
1366 367 1443 416 egit

184 446 258 485 sub
287 431 407 484 terras
436 445 670 493 caelumque
699 443 846 481 aestiva
873 442 960 479 luce
989 441 1157 486 reclusit,
1470 424 1474 429 ¹

185 519 273 556 illae
303 516 493 554 continuo
523 515 643 552 saltus
674 514 870 562 silvasque
899 517 1104 562 peragrant

186 598 484 637 purpureosque
513 591 666 622 metunt
697 584 812 621 flores
842 589 880 621 et
910 582 1073 619 flumina
1101 580 1227 635 libant

187 671 344 697 summa
373 658 489 694 leves.
551 655 661 692 Hinc
692 653 827 692 nescio
857 665 935 702 qua
964 652 1178 715 dulcedine
1207 651 1333 688 laetae
1473 665 1513 697 55

186 729 413 779 progeniem
446 726 641 774 nidosque
670 725 817 770 fovent,
849 723 942 760 hinc
970 710 1056 760 arte
1081 729 1259 760 recentes

185 799 386 839 excudunt
416 809 524 835 ceras
554 803 593 834 et
622 795 738 833 mella
767 795 921 832 tenacia
950 794 1114 844 fingunt.

188 871 298 908 Hinc
327 868 396 906 ubi
426 866 722 921 iamt-emissum
752 865 881 903 caveis
910 865 961 902 ad
991 864 1119 902 sidera
1147 852 1244 900 caeli

188 953 280 993 nare
310 952 378 989 per
406 944 597 976 aestatem
627 936 818 986 liquidam
849 936 1067 984 suspexeris
1097 946 1238 984 agmen

188 1011 481 1059 obscuramque
510 1008 622 1060 trahi»
640 1014 759 1045 vento
788 1005 981 1044 mirabere
1010 1005 1172 1050 nubem,
1476 1008 1519 1041 6ο

188 1081 500 1133 contemplator:
539 1091 662 1128 aquas
691 1079 827 1116 dulces
857 1084 895 1115 et
924 1077 1088 1115 frondea
1117 1088 1272 1125 semper
1312 1094 1314 1096 ·

189 1161 293 1192 tecta
311 1136 471 1202 petunt.
532 1151 627 1187 Huc
656 1156 697 1187 tu
728 1149 854 1187 iussos
884 1161 1044 1197 asperge
1074 1159 1242 1196 sapores,

190 1226 277 1264 trita
307 1222 553 1276 melisphylla
582 1228 620 1259 et
649 1221 849 1258 cerinthae
879 1219 1052 1269 ignobile
1081 1231 1253 1268 gramen,

190 1295 437 1346 tinnitusque
466 1293 526 1331 cie
556 1299 594 1330 et
625 1292 764 1329 Matris
794 1297 912 1340 quate
941 1289 1122 1339 cymbala
1151 1289 1321 1326 circum:

192 1368 300 1416 ipsae
330 1364 540 1403 consident
569 1363 775 1419 medicatis
805 1361 978 1408 sedibus,
1010 1361 1119 1410 ipsae
1475 1364 1518 1407 65

188 1428 329 1476 intima
358 1448 468 1474 more
497 1447 570 1472 suo
601 1446 686 1472 sese
715 1434 756 1470 in
785 1432 983 1470 cunabula
1012 1432 1198 1470 condent.
1410 1422 1413 1425 ¹

869 1492 910 1511 ξ’]

218 1561 389 1607 67-102.
454 1557 616 1596 Combat
640 1555 689 1605 of
707 1556 817 1594 rival
839 1555 1049 1604 chz‘ejftczins.
1105 1554 1252 1592 Marks
1279 1553 1327 1603 of
1344 1553 1493 1602 quality

781 1627 823 1664 in
843 1627 930 1664 bees.

245 1718 314 1756 Sin
344 1724 477 1755 autem
506 1716 558 1754 ad
587 1728 759 1765 pugnam
789 1714 1100 1752 exierint-—nam
1130 1725 1248 1762 saepe
1277 1712 1434 1753 duobus

189 1788 345 1839 regibus
374 1788 533 1837 incessit
561 1799 706 1836 magno
735 1785 931 1824 discordia
959 1791 1093 1823 motu:
1221 1769 1224 1772 .

190 1859 464 1908 continuoque
493 1858 647 1895 animos
676 1856 780 1905 vulgi
811 1862 849 1894 et
878 1855 1113 1925 trepidantia
1140 1854 1247 1892 bello

190 1930 311 1969 corda
341 1930 430 1967 licet
460 1930 577 1978 longe
608 1927 894 1977 praesciscere·
912 1935 1107 1976 namque
1136 1932 1335 1963 morantes
1481 1937 1521 1972 70

193 2001 360 2039 Martius
391 2000 454 2038 ille
483 2000 582 2037 aeris
612 1999 717 2036 rauci
747 2010 868 2053 carior
896 1998 1083 2053 increpat,
1115 2003 1153 2035 et
1182 2008 1267 2043 vox

191 2073 348 2111 auditur
378 2072 519 2122 fractos
549 2070 702 2108 sonitns
732 2069 881 2107 imitata
910 2068 1121 2116 tubarum}

192 2151 277 2181 tum
307 2142 482 2192 trepidae
513 2142 612 2179 inter
642 2153 683 2178 se
713 2146 858 2178 coeunt
887 2140 1346 2189 pennisquescoruscant

193 2214 422 2263 spiculaque
451 2210 809 2259 exacuungrostris
839 2217 1055 2260 aptantque
1084 2209 1261 2255 lacertos,

193 2291 232 2324 et
261 2285 363 2323 circa
392 2296 523 2333 regem
553 2270 682 2333 atque
702 2283 786 2332 ipsa
815 2282 866 2320 ad
895 2281 1088 2331 praetoria
1117 2280 1265 2319 densae
1480 2292 1519 2327 75
