1674 2532
594 123 745 154 LIBER
776 123 838 155 IV.
905 123 1026 166 1—-50,

153 246 279 283 vicina
307 245 443 282 invitet
472 244 664 282 decedere
693 245 776 294 ripa
805 245 934 291 calori,

151 317 346 365 obviaque
375 315 554 364 hospitiis
583 322 714 353 teneat
744 314 1018 353 frondentibus
1047 313 1174 352 arbos.

154 387 201 424 In
230 386 416 432 medium,
440 368 517 423 seu
546 385 664 423 stabit
693 386 796 422 iners
812 398 894 438 ¹seu
924 385 1091 434 profluet
1121 397 1245 432 umor,

151 463 385 509 transversas
415 455 552 492 salices
581 463 619 493 et
646 455 808 505 grandia
838 456 990 493 coniice
1019 468 1120 501 saxa,

150 524 337 574 pontibus
367 532 409 562 ut
438 525 582 563 crebris
612 526 763 574 possint
792 526 1006 563 consistere
1036 532 1073 563 et
1102 526 1182 562 alas

151 595 322 644 pandere
351 595 401 633 ad
430 595 623 633 aestivum
653 596 788 642 solem,
820 596 851 633 si
881 597 981 634 forte
1009 602 1209 633 morantes

148 666 330 721 sparserit
358 672 425 703 aut
454 678 641 715 praeceps
673 667 862 715 Neptuno
892 666 1123 703 immerserit
1155 666 1294 703 Eurus.

152 737 266 774 Haec
294 737 441 774 circum
470 737 598 784 casiae
627 737 768 774 virides
798 744 835 774 et
865 737 1010 783 olentia
1039 737 1116 774 late

150 807 318 856 serpylla
346 814 383 844 et
412 807 786 862 graviter—spirantis
816 807 930 856 copia
960 802 1162 856 thymbrae

150 876 294 924 floreat,
327 877 594 926 irriguumque
625 877 763 915 bibant
792 878 950 915 violaria
980 878 1142 915 fontem.

152 948 243 996 Ipsa
271 954 414 994 autem,
447 960 516 985 seu
545 947 765 999 corticibusx
786 947 857 985 tibi
888 944 1146 985 suta'cavatis

150 1030 219 1056 seu
248 1019 356 1056 lento
385 1019 527 1056 fuerint
555 1019 697 1056 alvaria
726 1018 871 1056 vimine
901 1025 1015 1064 texta,

149 1095 335 1138 angustos
364 1087 536 1126 habeant
565 1089 719 1126 aditus:
761 1101 851 1126 narn
882 1089 1020 1138 frigore
1050 1090 1166 1127 mella

149 1159 253 1208 cogl't
282 1159 446 1208 hiemps,
479 1159 699 1208 eademque
729 1159 835 1196 calor
864 1159 1269 1208 liquefacta—remittit.

150 1231 329 1279 Utraque
357 1230 414 1267 vis
443 1229 583 1278 apibus
613 1230 754 1278 pariter
783 1230 996 1267 metuenda
1012 1244 1022 1277 3
1061 1243 1190 1280 neque
1220 1231 1308 1269 illae

150 1300 390 1349 nequiquam
420 1300 459 1337 in
489 1300 601 1338 tectis
630 1300 807 1350 certatim
836 1299 970 1337 tenuia
999 1313 1086 1338 cera

149 1371 386 1424 spiram—enta
414 1370 552 1417 linunt,
585 1370 756 1420 fucoque
786 1377 824 1421 et
855 1370 1015 1408 floribus
1045 1384 1130 1409 oras

149 1442 317 1495 explent,
349 1442 639 1490 collectumque
668 1441 765 1478 haec
794 1441 877 1490 ipsa
907 1442 958 1479 ad
988 1455 1150 1491 munera
1179 1444 1312 1492 gluten

149 1518 187 1549 et
217 1512 323 1564 viggo
353 1518 391 1549 et
422 1511 613 1560 Phrygiae
642 1518 795 1549 servant
825 1512 912 1560 pice
941 1513 1083 1561 lentius
1115 1513 1222 1551 Idae.

149 1568 421 1631 Saepe—etiam
451 1573 675 1628 effossisssi
705 1594 795 1619 vera
826 1589 883 1620 est
913 1583 1026 1630 fama,
1059 1583 1216 1621 latebris

148 1651 222 1690 sub
251 1659 350 1690 terra
379 1652 510 1690 fovere
539 1652 670 1698 larem,
701 1652 938 1702 penitusque
967 1660 1141 1702 repertae

149 1721 451 1771 pumicibusque
481 1722 584 1760 cavis
614 1735 831 1772 exesaeque
861 1723 1009 1761 arboris
1038 1731 1161 1767 antro.

149 1794 211 1830 Tu
240 1799 372 1830 tamen
402 1799 440 1830 et
470 1793 544 1830 levi
574 1793 717 1831 rimosa
746 1794 890 1831 cubilia
920 1795 1014 1832 limo

149 1876 279 1916 ungue
308 1863 444 1901 fovens
474 1863 633 1910 circum,
665 1871 703 1901 et
731 1877 833 1902 raras
863 1866 1096 1914 superiniice
1126 1866 1296 1905 frondes.

152 1935 241 1972 Neu
271 1934 430 1983 propius
460 1933 571 1972 tectis
602 1941 732 1972 taxum
765 1935 859 1982 sine,
892 1948 991 1974 neve
1021 1936 1207 1974 rubentes

147 2017 216 2043 ure
245 2005 334 2042 foco
364 2016 537 2051 cancrOS‚
568 2005 669 2042 altae
699 2017 785 2061 neu*
806 2006 923 2045 crede
951 2008 1096 2056 paludi,

149 2081 216 2112 aut
245 2074 312 2112 ubi
341 2075 441 2113 odor
468 2076 578 2114 caeni
608 2076 733 2135 graxjs
762 2084 827 2114 aut
858 2077 925 2114 ubi
954 2090 1125 2115 concava
1156 2079 1270 2127 pulsu

149 2157 241 2183 saxa
270 2153 412 2184 sonant
443 2147 630 2197 vocisque
659 2148 810 2185 offensa
838 2148 997 2186 resultat
1027 2149 1166 2199 imago.

1432 752 1471 781 30

1428 1815 1469 1844 45

1432 2168 1472 2199 50
