1674 2532
1098 21 1124 38 l

569 134 721 165 LIBER
753 135 825 166 [Π.
886 136 935 178 5ι
944 135 1000 180 5-
1003 126 1097 178 566.
1417 133 1472 177 45

153 240 284 289 vipera
313 245 351 278 et
379 239 533 277 attoniti
564 239 736 288 squamis
765 239 982 277 astantibus
1013 239 1134 288 hydri.
1414 255 1474 287 545

154 310 256 359 Ipsis
286 316 343 347 est
372 311 437 347 a'er
466 309 603 347 avibus
633 322 713 347 non
744 322 905 358 aequus,
937 317 975 348 et
1005 311 1093 347 illae

152 381 383 430 praecipites
412 380 489 417 alta
517 380 636 417 vitam
667 379 740 417 sub
770 380 876 418 nube
905 381 1141 429 relinquunt.

153 452 357 488 Praeterea
386 450 463 487 iam
494 463 567 488 nec
597 451 737 487 mutari
767 450 910 499 pabula
939 451 1063 497 refert,

153 522 432 570 quaesitaeque
462 527 606 558 nocent
635 527 736 558 artes
753 535 763 568 3
801 533 952 558 cessere
982 521 1152 570 magistri

153 591 386 640 Phillyrides
417 591 566 629 Chiron
596 591 969 640 Amythaoniusque
999 591 1236 640 Melampus.
1416 607 1479 638 550

152 662 281 699 Saevit
311 668 349 699 et
378 662 417 698 in
447 662 576 699 lucem
606 661 746 710 Stygiis
776 661 917 699 emissa
946 661 1118 699 tenebris

152 731 297 780 pallida
325 731 545 780 Tisiphone
576 731 741 769 Morbos
770 732 848 781 agit
876 738 968 769 ante
999 732 1246 780 Metumque,

153 803 274 851 inque
304 802 387 839 dies
416 802 575 840 avidum
606 814 766 852 surgens
796 809 913 851 caput
942 802 1056 840 altius
1087 802 1206 840 effert.

153 872 293 909 Balatu
323 884 511 920 pecorum
541 879 578 910 et
608 872 752 910 crebris
782 872 997 921 mugitibus
1027 885 1164 910 amnes

153 949 389 991 arentesque
418 950 559 980 sonant
589 943 695 992 ripae
725 944 925 992 collesque
955 943 1096 992 supini.
1415 959 1477 992 555

154 1013 323 1062 Iamque
352 1014 578 1051 catervatim
609 1014 675 1051 dat
705 1020 873 1062 stragem
902 1021 1020 1062 atque
1049 1019 1204 1063 aggerat
1234 1014 1326 1063 ipsis

152 1083 193 1120 in
223 1082 386 1121 stabulis
415 1084 518 1132 turpi
548 1083 698 1133 dilapsa
728 1084 917 1121 cadavera
945 1083 1050 1130 tabo,

151 1154 282 1192 donec
311 1155 434 1192 humo
464 1161 594 1204 tegere
623 1167 669 1191 ac
698 1154 819 1192 foveis
849 1154 1094 1192 abscondere
1124 1154 1293 1192 discunt.

150 1225 256 1262 Nam
285 1237 415 1274 neque
445 1232 525 1262 erat
553 1225 667 1262 coriis
697 1238 801 1272 usus,
834 1237 907 1262 nec
935 1225 1082 1263 viscera
1113 1226 1322 1275 quisquam

151 1302 218 1333 aut
248 1295 364 1333 undis
393 1295 552 1333 abolere
581 1303 710 1344 potest
739 1302 805 1333 aut
835 1296 989 1333 vincere
1019 1296 1176 1333 flamma
1193 1310 1203 1343 3
1414 1303 1477 1346 560

152 1367 216 1403 Ne
246 1366 410 1404 tondere
440 1366 602 1415 quidem
632 1365 772 1404 morbo
802 1367 1012 1415 illuvieque
1042 1379 1178 1415 peresa

149 1437 293 1474 vellera
322 1449 395 1474 nec
425 1437 521 1474 telas
550 1443 715 1485 possunt
744 1437 933 1486 attingere
961 1443 1121 1486 putres;

149 1519 288 1545 verum
318 1507 436 1544 etiam
465 1507 611 1544 invisos
643 1507 674 1544 si
704 1507 791 1556 quis
821 1514 988 1545 tentarat
1017 1508 1195 1555 amictus,

149 1577 335 1615 ardentes
364 1577 531 1626 papulae
560 1584 678 1626 atque
708 1577 936 1615 immundus
967 1578 1111 1615 olentia
1141 1578 1261 1616 sudor

148 1647 328 1686 membra
357 1647 605 1697 sequebatur,
639 1660 712 1685 nec
741 1648 861 1697 longo
891 1649 1037 1686 deinde
1067 1649 1235 1687 moranti
1411 1656 1473 1699 565

147 1725 325 1768 tempore
354 1725 558 1756 contactos
587 1725 692 1756 artus
723 1731 831 1756 sacer
860 1719 958 1769 ignis
989 1718 1142 1757 edebat.
