1674 2532
173 136 229 174 40
709 132 836 165 GEOR
844 132 968 166 GJCA.

174 238 247 276 sub
278 239 406 276 lucem
437 245 642 289 exportant
673 239 972 277 calathis-adit
1002 237 1148 287 oppida
1177 244 1364 286 pastor—-

173 316 239 347 aut
269 322 386 358 parco
416 310 495 348 sale
524 310 759 359 contingunt
788 310 989 359 hiemique
1018 315 1224 358 reponunt.

228 446 359 480 404-4
364 446 424 482 39.
484 432 663 481 Rearz'ng
689 431 736 481 of
753 432 852 480 dogS.
909 432 1123 470 protection
1153 432 1200 481 of
1217 433 1326 470 cattle
1343 431 1453 481 from

760 502 906 540 snakes.

231 593 315 630 Nec
345 591 415 629 tibi
446 604 538 629 cura
567 603 711 628 canum
740 590 854 628 fuerit
884 596 1092 638 postrema,
1125 590 1195 628 sed
1223 602 1302 628 una

173 663 327 701 veloces
357 664 518 712 Spartae
546 662 697 699 catulos
726 672 937 709 acremque
968 661 1191 698 Molossum
1436 676 1500 708 405

174 746 290 782 pasce
319 746 405 771 sero
435 733 581 782 pingui.
641 733 872 780 Numquam
902 730 1134 769 custodibus
1163 731 1238 768 illis

173 812 410 842 nocturnum
441 803 603 841 stabulis
633 803 759 840 furem
789 802 1048 851 incursusque
1077 802 1259 851 luporum

172 882 238 911 aut
269 875 485 923 impacatos
514 886 537 910 a
566 880 675 922 tergo
705 872 881 910 horrebis
913 872 1099 910 Hiberos.

173 947 300 994 Saepe
329 946 446 982 etiam
477 957 592 981 cursu
622 943 783 981 timidos
811 943 978 993 agitabis
1007 955 1187 993 onagros,

173 1023 212 1053 et
240 1015 404 1064 canibus
434 1016 620 1064 leporem,
651 1014 815 1052 canibus
844 1013 1040 1052 venabere
1069 1014 1248 1052 dammas
1437 1030 1504 1060 410

173 1099 290 1135 saepe
319 1085 534 1124 volutabris
562 1086 697 1135 pulsos
727 1084 966 1123 silvestribus
995 1097 1110 1134 apros

175 1159 314 1195 latratu
344 1157 521 1195 turbabis
549 1169 680 1206 agens,
714 1162 950 1204 montesque
979 1168 1048 1205 per
1075 1157 1176 1194 altos

175 1229 375 1278 ingentem
405 1229 575 1266 clamore
605 1239 758 1277 premes
787 1227 838 1264 ad
868 1227 963 1264 retia
991 1239 1161 1265 cervum.

230 1299 350 1336 Disce
380 1306 418 1336 et
447 1299 653 1337 odoratam
683 1298 846 1336 stabulis
875 1298 1092 1335 accendere
1122 1298 1296 1346 cedrum,

173 1369 448 1418 galbaneoque
476 1369 621 1419 agitare
650 1381 785 1419 graves
815 1368 953 1406 nidore
982 1368 1200 1418 chelydros.
1438 1385 1503 1417 415

175 1427 302 1489 Saepe
331 1439 404 1477 sub
434 1440 607 1477 immotis
635 1439 890 1488 praesepibus
919 1446 986 1477 aut
1015 1440 1118 1477 mala
1147 1447 1253 1477 tactu

174 1511 305 1559 vipera
334 1511 488 1548 delituit
517 1510 751 1559 caelumque
780 1511 959 1548 exterrita
989 1510 1096 1560 fugit,

174 1588 241 1619 aut
271 1588 376 1619 tecto
403 1576 584 1619 assuetus
614 1580 776 1619 coluber
806 1581 1019 1619 succedere
1049 1589 1087 1619 et
1116 1581 1292 1629 umbrae,

175 1652 295 1700 pestis
324 1651 465 1690 acerba
493 1651 628 1699 boum,
660 1652 872 1701 pecorique
902 1664 1106 1701 aspergere
1135 1653 1250 1700 virus,

174 1723 269 1760 fovit
299 1723 476 1761 humum.
534 1724 643 1772 Cape
673 1736 764 1761 saxa
792 1736 924 1770 manu,
955 1736 1053 1772 cape
1082 1723 1233 1772 robora,
1265 1731 1407 1774 pastor,
1439 1739 1505 1771 420

175 1795 460 1843 tollentemque
490 1794 616 1831 minas
646 1801 683 1832 et
714 1793 827 1831 sibila
855 1794 956 1831 colla
985 1801 1205 1832 tumentem

176 1865 312 1903 deiice.
372 1866 538 1914 Iamque
568 1866 657 1914 fuga
686 1865 869 1903 timidum
899 1872 1016 1913 caput
1045 1865 1198 1903 abdidit
1226 1866 1314 1913 alte,

176 1948 268 1973 cum
298 1936 419 1973 medii
449 1948 571 1973 nexus
600 1943 876 1985 extremaeque
905 1936 1062 1985 agmina
1091 1936 1241 1974 caudae

177 2007 391 2054 solvuntur,
422 2007 635 2056 tardosque
664 2007 780 2044 trahit
810 2007 918 2044 sinus
948 2007 1108 2045 ultimus
1137 2007 1264 2045 orbes.

179 2079 250 2115 Est
279 2078 396 2115 etiam
427 2078 490 2115 ille
519 2078 645 2115 malus
676 2077 852 2116 Calabris
882 2078 922 2114 in
952 2077 1114 2115 saltibus
1143 2078 1292 2128 anguis,
1441 2094 1505 2126 425

178 2161 365 2197 squamea
395 2149 634 2186 convolvens
665 2148 821 2186 sublato
850 2156 1009 2197 pectore
1038 2156 1144 2198 terga

178 2228 297 2269 atque
327 2221 429 2258 notis
459 2220 617 2269 longam
647 2220 870 2257 maculosus
899 2219 1113 2269 grandibus
1141 2220 1285 2266 alvum,

178 2291 257 2340 qui,
288 2291 383 2329 dum
414 2303 550 2329 amnes
581 2291 646 2328 ulli
678 2297 911 2340 rumpuntur
940 2289 1115 2329 fontibus
1146 2298 1183 2329 et
1213 2291 1309 2329 dum
