1674 2532
582 136 733 168 LIBER
764 136 829 168 JV.
890 137 1073 182 51-102.

168 259 380 297 miscentur
408 257 639 307 magnisque
667 264 810 296 vocant
838 258 1076 296 clamoribus
1106 258 1283 296 hostem:

166 342 258 379 ergo
287 328 355 367 ubi
385 341 451 367 ver
480 336 618 366 nactae
647 328 789 382 sudum
819 341 1061 378 camposque
1091 335 1270 377 patentes

165 405 377 448 erumpunt
405 399 537 448 portis,
568 386 822 444 concurritur,
853 399 1010 437 aethere
1040 399 1080 435 in
1109 399 1189 436 alto

155 460 208 507 fit
237 470 398 517 sonitus,
430 482 618 518 magnum
647 470 791 508 mixtae
819 469 1152 524 glomeranturvin
1183 467 1331 514 orbem,

165 541 475 589 praecipitesque
505 540 652 577 cadunt
669 554 679 587 3
718 552 798 577 non
828 539 988 577 densior
1015 541 1103 576 aere
1133 539 1294 588 grando,

165 621 238 647 nec
264 610 318 648 de
347 622 538 647 concussa
567 617 720 648 tantum
750 610 848 658 pluit
878 610 965 647 ilice
993 609 1169 659 glandis:

164 679 238 728 ipsi
267 692 336 729 per
364 680 514 718 medias
543 681 647 718 acies
678 680 897 730 insignibus
926 680 996 717 alis

164 750 523 800 ingentesvanimos
552 758 718 801 angusto
749 752 788 788 in
818 758 976 800 pectore
1005 757 1171 796 versant,

163 832 289 869 usque
303 821 419 874 *adeo
449 820 583 859 obnixi
612 834 693 859 non
723 821 874 868 cedere,
906 821 1002 859 dum
1031 822 1156 871 gravis
1186 828 1252 859 aut
1284 822 1354 859 hos

162 897 230 928 aut
259 891 331 928 hos
359 903 470 929 versa
498 892 588 940 fuga
617 892 740 929 victor
768 892 862 929 dare
891 898 996 940 terga
1026 891 1191 940 subegit.

164 961 222 998 Hi
251 967 381 999 motus
410 962 631 999 animorum
660 969 779 1011 atque
808 963 906 1000 haec
935 962 1148 1000 certamina
1178 968 1285 999 tanta

163 1031 332 1081 pulveris
362 1032 489 1081 exigui
520 1033 623 1070 iactu
653 1045 878 1081 compressa
907 1033 1126 1082 quiescunt.

214 1103 364 1140 Verum
394 1102 461 1140 ubi
491 1103 675 1141 ductores
706 1103 790 1140 acie
818 1088 1058 1141 revocaveris
1087 1102 1219 1148 ambo,

161 1172 331 1210 deterior
360 1173 427 1222 qui
456 1173 572 1220 visus,
605 1185 707 1221 eum,
739 1185 789 1211 ne
818 1173 1004 1235 prodigus
1034 1173 1149 1219 obsit,

160 1242 264 1281 dede
293 1244 402 1290 neci3
442 1244 580 1282 melior
608 1256 731 1281 vacua
757 1235 845 1281 'sine
873 1250 1008 1293 regnet
1037 1244 1077 1281 in
1106 1244 1205 1281 aula.

161 1313 271 1352 Alter
300 1314 371 1352 erit
401 1315 564 1351 maculis
593 1327 688 1352 auro
719 1314 988 1372 squalent-ibus
1017 1314 1182 1352 ardens:

161 1397 253 1422 nam
283 1385 364 1423 duo
394 1392 484 1423 sunt
514 1398 680 1434 genera:
721 1385 786 1422 hic
814 1369 952 1423 melior
981 1385 1142 1434 insignis
1173 1392 1209 1423 et
1242 1398 1308 1422 ore

159 1462 198 1493 et
227 1455 349 1493 rutilis
379 1456 504 1493 clarus
534 1456 706 1505 squamis
722 1469 731 1503 3
769 1455 833 1493 ille
862 1455 1042 1493 horridus
1070 1456 1166 1493 alter

158 1526 310 1564 desidia
339 1527 537 1575 latamque
566 1527 723 1564 trahens
752 1526 938 1575 inglorius
967 1526 1108 1564 alvum.

159 1597 216 1636 Ut
246 1596 362 1634 binae
391 1609 523 1646 regum
555 1596 683 1643 facies,
716 1597 768 1634 ita
796 1609 959 1646 corpora
988 1596 1125 1646 plebis.

160 1667 344 1716 Namque
373 1668 471 1705 aliae
501 1674 634 1716 turpes
663 1667 833 1715 horrent,
865 1679 938 1705 ceu
969 1668 1129 1716 pulvere
1157 1667 1208 1705 ab
1237 1668 1317 1706 alto

157 1750 250 1775 curn
278 1738 385 1776 venit
415 1744 452 1775 et
482 1737 588 1775 sicco
617 1744 759 1776 terram
789 1738 894 1787 spuit
923 1750 989 1776 ore
1019 1738 1142 1776 viator

156 1808 287 1846 aridus
301 1823 311 1856 3
349 1808 505 1846 elucent
533 1808 632 1846 aliae
660 1815 699 1846 et
728 1808 878 1858 fulgore
907 1815 1114 1846 coruscant

157 1879 338 1916 ardentes
368 1891 462 1916 auro
491 1885 530 1917 et
559 1878 717 1927 paribus
739 1879 814 1927 lita
843 1891 1008 1928 corpora
1035 1880 1166 1928 guttis.

159 1949 273 1987 Haec
301 1950 430 1998 potior
459 1949 629 2001 subqles,
660 1949 753 1987 hinc
782 1950 879 1987 caeli
908 1956 1087 1999 tempore
1117 1957 1223 1988 certo

156 2019 286 2060 dulcia
314 2020 430 2057 mella
458 2032 622 2078 premes,
655 2031 729 2057 nec
757 2026 910 2057 tantum
940 2020 1070 2058 dulcia
1101 2028 1293 2070 quantum

155 2095 194 2128 et
223 2089 371 2139 liquida
400 2096 438 2128 et
467 2090 608 2128 durum
639 2090 785 2128 Bacchi
815 2090 1011 2129 domitura
1041 2103 1231 2141 saporem.

456 2218 486 2227 ,-

1433 142 1487 181 49

1440 1260 1482 1291 90

1438 1614 1478 1646 95

1417 1965 1478 1990 100
