1674 2532
181 151 236 194 52
718 150 976 184 GEORGICA.

180 257 431 306 experiuntur
460 250 496 294 et
528 256 565 293 in
596 257 772 294 medium
803 257 978 305 quaesita
1008 263 1214 306 reponunt.

174 328 365 377 Namque
394 328 492 365 aliae
522 327 627 364 victu
658 327 859 376 invigilant
889 335 927 365 et
957 328 1116 365 foedere
1146 335 1262 377 pacto

177 406 406 455 exercentur
435 398 562 447 agri53
601 410 687 446 pars
718 398 817 434 intra
847 405 981 447 saepta
1010 399 1223 436 domorum

178 469 565 518 narcissifflacrimam
597 475 634 505 et
664 469 813 506 lentum
845 469 895 506 de
925 468 1069 505 cortice
1098 469 1231 517 gluten

174 539 299 588 prima
329 527 424 576 favis
454 545 607 587 ponunt
637 539 878 585 fundamina,
910 538 1057 576 deinde
1087 546 1245 576 tenaces

175 610 424 661 suspendunt
453 622 586 656 ceras3
624 609 723 646 aliae
752 621 863 657 spem
893 609 1019 658 gentis
1049 609 1205 647 adultos

175 680 349 718 educunt
380 680 509 726 fetus3
546 679 645 716 aliae
673 679 881 727 purissima
912 679 1028 717 mella

173 750 319 799 stipant
350 757 388 787 et
417 750 569 799 liquido
599 750 831 787 distendunt
862 757 1019 787 nectare
1048 750 1178 787 cellas.

172 822 272 859 Sunt
301 820 445 870 quibus
474 820 525 857 ad
555 826 686 868 portas
716 820 859 858 cecidit
889 820 1069 857 custodia
1099 820 1203 866 sorti,

172 892 292 940 inque
320 891 447 928 vicem
477 891 729 946 speculantur
756 903 879 939 aquas
909 897 947 928 et
978 890 1113 928 nubila
1144 891 1253 937 caeli,

169 969 237 1000 aut
266 974 385 999 onera
414 947 613 1010 accipiunt
643 962 882 1008 venientum,
914 968 982 998 aut
1010 961 1167 1010 agmine
1196 961 1301 999 facto

168 1032 352 1081 ignavum
383 1033 494 1069 fucos
523 1044 644 1080 pecus
673 1045 695 1069 a
724 1031 979 1085 praesepibus
1007 1039 1152 1069 arcent.

169 1105 308 1142 Fervet
337 1116 448 1153 opus,
479 1103 739 1151 redolentque
769 1103 905 1151 thymo
935 1102 1141 1152 fragrantia
1170 1102 1297 1140 mella.

167 1175 228 1212 Ac
257 1175 375 1212 veluti
405 1174 520 1212 lentis
551 1174 744 1223 Cyclopes
773 1174 938 1211 fulmina
967 1173 1105 1224 massis

166 1257 257 1282 cum
286 1252 508 1294 properant,
540 1245 604 1282 alii
635 1245 795 1282 taurinis
827 1244 985 1282 follibus
1015 1257 1128 1281 auras

164 1316 364 1365 accipiunt
393 1316 655 1364 redduntque,
687 1315 752 1352 alii
782 1315 988 1353 stridentia
1018 1315 1176 1364 tingunt

163 1399 253 1424 aera
282 1387 397 1433 lacu3
435 1387 555 1435 gemit
586 1386 778 1434 impositis
809 1385 1021 1423 incudibus
1051 1387 1204 1432 Aetna;

164 1458 217 1494 illi
248 1458 348 1495 inter
377 1470 463 1495 sese
493 1469 635 1506 magna
664 1457 701 1494 vi
732 1456 916 1494 bracchia
946 1457 1088 1494 tollunt

163 1528 203 1565 in
234 1541 454 1575 numerum,
486 1534 722 1576 versantque
751 1527 880 1565 tenaci
909 1527 1057 1575 forcipe
1087 1527 1258 1565 ferrum:

162 1612 243 1637 non
273 1600 393 1647 aliter,
426 1600 457 1637 si
487 1612 604 1648 parva
634 1599 725 1637 licet
754 1611 994 1647 componere
1023 1598 1188 1647 magnis,

161 1671 374 1720 Cecropias
404 1671 562 1707 innatus
592 1682 685 1718 apes
715 1682 826 1707 amor
855 1675 964 1718 urget
994 1667 1169 1707 habendi

159 1754 323 1780 munere
352 1753 553 1791 quamque
582 1753 665 1778 suo.
725 1740 968 1778 Grandaevis
999 1740 1146 1789 oppida
1174 1753 1290 1778 curae

158 1818 197 1850 et
228 1813 380 1865 munire
409 1813 518 1850 favos
548 1818 586 1849 et
617 1811 783 1849 daedala
813 1811 960 1860 fingere
989 1818 1102 1848 tecta.

158 1884 211 1921 At
241 1883 365 1921 fessae
395 1883 518 1920 multa
540 1883 719 1923 referunt
749 1894 790 1919 se
820 1888 937 1919 nocte
967 1882 1149 1928 minores,

157 1966 269 1992 crura
298 1954 435 2003 thymo
464 1954 630 2002 plenae3
669 1959 882 2001 pascuntur
911 1958 949 1989 et
979 1951 1117 1989 arbuta
1146 1953 1297 2001 passim

156 2032 195 2063 et
224 2026 380 2075 glaucas
411 2025 548 2063 salices
577 2025 804 2073 casiamque
833 2036 1075 2073 crocumque
1105 2024 1315 2062 rubentem

156 2102 194 2134 et
224 2096 411 2147 pinguem
440 2096 563 2133 tiliam
593 2102 631 2133 et
660 2095 900 2144 ferrugineos
930 2095 1174 2143 hyacinthos.

156 2166 355 2206 Omnibus
385 2179 463 2204 una
493 2166 604 2215 quies
633 2178 808 2214 operum,
841 2165 951 2204 labor
980 2166 1165 2203 omnibus
1195 2178 1321 2205 unus:

155 2250 272 2276 mane
301 2244 419 2275 ruunt
447 2237 597 2286 portis;
635 2249 830 2286 nusquam
860 2249 995 2284 mora;
1033 2249 1163 2274 rursus
1192 2237 1352 2276 easdem

155 2319 293 2357 vesper
322 2307 389 2346 ubi
420 2319 442 2346 e
471 2314 584 2357 pastu
613 2307 775 2369 tandem
805 2307 998 2345 decedere
1026 2307 1175 2356 campis

1448 473 1508 505 160

1444 826 1503 868 165

1428 1891 1490 1922 180

1424 2244 1482 2285 185
