1674 2532
575 121 727 153 LIBER
758 120 824 153 JV.
887 122 936 164 27
946 124 1023 166 1—3
1032 123 1097 165 23.
1443 118 1496 160 :37

177 234 359 277 quattuor
375 239 409 284 §a
438 226 562 265 ventis
592 226 870 277 obliqua—luce
900 226 1098 263 fenestras.

176 299 281 334 Tum
311 297 454 334 vitulus
485 296 591 334 bima
621 309 785 334 curvans
816 296 893 333 iam
924 308 1070 333 cornua
1099 295 1226 332 fronte

176 367 396 416 quaeritur3
434 367 524 403 huic
553 366 734 416 geminae
763 378 875 404 nares
905 373 942 403 et
972 366 1127 414 spiritus
1157 365 1233 402 oris
1437 377 1499 407 300

177 437 298 474 multa
326 437 533 475 reluctanti
563 436 785 494 obstruitur,
816 437 1028 487 plagisque
1049 442 1254 485 perempto

176 515 290 545 tunsa
318 520 387 556 per
416 508 605 557 integram
635 508 838 557 solvuntur
866 507 1013 561 yiscera
1042 507 1197 555 pellem.

175 578 238 615 Sic
267 561 437 626 positum
469 564 509 614 iri
538 579 671 615 clauso
700 578 895 626 linquunt,
927 584 964 615 et
994 589 1124 614 ramea
1153 576 1270 613 costis

174 647 386 686 subiiciunt
415 648 641 697 fragmenta,
674 648 853 697 thymum
883 648 1087 696 casiasque
1116 653 1303 684 recentes.

176 719 267 756 Hoc
295 719 438 768 geritur
467 719 641 767 zephyris
670 719 840 767 primum
870 717 1162 772 impellentibus
1193 717 1330 762 undas,
1437 731 1497 762 305

171 796 262 827 ante
291 790 403 827 novis
432 789 598 826 rubeant
628 801 747 838 quarn
777 796 886 837 prata
914 788 1122 835 coloribus,
1154 794 1245 824 ante

171 860 322 910 garrula
352 872 470 908 quam
500 860 616 908 tignis
647 859 785 897 nidum
816 859 1031 908 suspendat
1060 858 1240 895 hirundo.

173 924 334 967 Interea*
358 930 501 983 teneris
530 930 747 979 tepefactus
777 930 816 966 in
846 929 1001 967 ossibus
1031 942 1145 966 umor

171 1008 333 1056 aest-nat,
365 1008 403 1038 et
432 1001 596 1055 visenda
626 1001 756 1038 modis
785 1001 968 1037 animalia
998 1000 1115 1046 miris,

171 1077 307 1108 trunca
335 1071 483 1120 pedum
512 1071 650 1120 primo,
683 1083 775 1108 mox
803 1078 841 1109 et
871 1071 1073 1120 stridentia
1102 1071 1253 1119 pennis,
1435 1085 1497 1115 310

171 1141 394 1199 miscentur,
426 1148 668 1190 tenuemque
697 1142 820 1191 magis
849 1142 972 1190 magis
1001 1143 1089 1178 a'era
1119 1148 1295 1189 carpunt,

171 1212 299 1249 donec
328 1218 370 1249 ut
398 1212 554 1249 aestivis
585 1213 730 1250 effusus
761 1211 933 1249 nubibus
964 1211 1090 1249 imber

171 1294 331 1330 erupere
359 1290 426 1320 aut
456 1289 498 1320 ut
528 1294 647 1320 nervo
677 1283 858 1337 pulsante
888 1282 1060 1331 sagittae,

170 1341 294 1400 prima
323 1353 428 1390 leves
457 1354 594 1391 ineunt
624 1353 655 1391 si
686 1353 846 1402 quando
875 1353 1021 1401 proelia
1053 1353 1194 1391 Parthi.

243 1525 370 1564 315—5
379 1516 438 1564 58.
498 1517 666 1565 Episode
694 1515 742 1565 of
759 1517 964 1554 Aristaeus
994 1514 1209 1567 (including
1234 1517 1294 1553 tlte
1322 1520 1425 1564 story

535 1587 582 1636 qf
605 1588 780 1637 Orpheus
807 1589 889 1625 and
914 1586 1134 1638 Eurydice).

224 1690 324 1737 Quis
354 1690 451 1729 deus
481 1691 593 1739 hanc,
626 1693 779 1740 Musae,
812 1694 898 1742 quis
929 1693 1043 1731 nobis
1074 1692 1223 1731 extudit
1252 1692 1404 1729 artem?
1433 1706 1494 1737 3¹5

170 1760 292 1798 Unde
322 1774 423 1799 nova
454 1762 649 1817 ingressus
679 1748 886 1801 hominurn
917 1764 1154 1812 experientia
1183 1763 1316 1812 cepit?

170 1832 306 1869 Pastor
335 1833 535 1871 Aristaeus
565 1834 719 1883 fugiens
750 1836 895 1872 Peneia
924 1836 1078 1883 Tempe

168 1902 330 1950 amissis,
362 1910 404 1941 ut
434 1904 548 1951 fama,
580 1904 722 1954 apibus
751 1905 973 1954 morboque
1002 1906 1185 1954 fameque

169 1972 286 2010 tristis
315 1973 366 2011 ad
395 1975 557 2029 extremi
587 1988 740 2013 sacrum
770 1984 888 2024 caput
917 1976 1036 2013 astitit
1067 1976 1193 2013 amnis

169 2043 291 2080 multa
320 2056 500 2093 querens,
532 2053 651 2094 atque
680 2046 754 2083 hac
783 2047 922 2084 affatus
951 2059 1048 2084 voce
1077 2054 1307 2096 parentem:
1434 2061 1496 2091 320

171 2114 337 2161 ‘Mater,
369 2115 523 2164 Cyrene
553 2123 822 2165 mater‚.quae
850 2117 1010 2166 gurgitis
1039 2118 1156 2155 huius

169 2183 246 2220 ima
275 2191 397 2232 tenes,
429 2186 527 2234 quid
556 2199 620 2224 me
649 2187 845 2236 praeclara
874 2188 991 2237 stirpe
1021 2188 1198 2235 deorum,

170 2252 216 2303 (si
250 2255 383 2303 modo,
415 2268 533 2305 quern
565 2257 763 2306 perhibes,
793 2266 904 2307 pater
932 2266 990 2296 est
1020 2258 1292 2308 Thymbraeus
1324 2259 1485 2308 Apollo)
