1674 2532
569 94 721 154 LIBER
752 122 819 154 JV.
881 112 1089 168 324—383.

172 217 327 266 Cyrene
357 228 474 262 soror,
507 216 590 264 ipse
620 214 701 262 tibi,
734 221 800 252 tua
830 215 998 252 maxima
1027 227 1128 260 cura,

172 288 288 324 tristis
317 286 518 324 Aristaeus
549 286 670 323 Penei
698 285 884 335 genitoris
913 285 963 322 ad
993 285 1141 322 undam

172 364 247 395 stat
275 357 492 403 lacrimans,
524 364 561 394 et
591 363 630 394 te
659 356 859 394 crudelem
890 355 1051 392 nomine
1080 355 1197 392 dicit.'

174 427 282 464 Huic
311 439 495 476 percussa
525 439 627 464 nova
656 434 829 464 mentem
860 425 1070 463 formidine
1100 432 1222 472 mater

174 498 301 544 ‘Duc,
332 510 414 546 age,
446 497 523 534 duc
552 498 603 535 ad
633 510 733 545 nos3
772 498 827 534 fas
858 496 911 533 illi
940 496 1075 532 limina
1105 495 1238 533 divum

171 569 350 617 tangere’
379 568 443 605 ait.
503 568 628 605 Simul
657 568 735 605 alta
765 567 874 605 iubet
904 567 1107 604 discedere
1136 566 1212 603 late

170 637 342 685 flumina,
375 651 451 687 qua
481 639 632 676 iuvenis
661 650 814 687 gressus
848 638 1014 675 inferret.
1074 637 1126 673 At
1157 636 1265 672 illum

170 715 326 755 curqata
355 708 394 745 in
425 709 569 746 montis
600 709 741 746 faciem
771 707 1026 745 circumstetit
1055 707 1162 744 unda

169 779 400 828 accepitque
430 765 517 833 sinu
540 774 658 816 ‘vasto
687 779 871 828 mis-itque
902 777 975 815 sub
1004 790 1173 814 amnem.

172 849 338 898 Iamque
368 849 533 887 domum
564 849 709 886 mirans
738 849 944 897 genetricis
974 855 1012 886 et
1042 848 1176 910 umida
1207 859 1323 896 regna

168 919 446 968 speluncisque
475 920 582 957 lacus
612 920 766 957 clausos
797 920 986 968 lucosque
1017 925 1202 955 sonantes

169 988 259 1036 ibat,
293 997 330 1028 et
360 990 507 1039 ingenti
538 998 648 1028 motu
678 990 920 1038 stupefactus
949 1002 1140 1038 aquarum

168 1061 301 1098 omnia
331 1060 405 1098 sub
435 1073 576 1110 magna
606 1060 777 1098 labentia
807 1060 969 1097 flumina
999 1066 1098 1097 terra

168 1130 370 1178 spectabat
400 1124 552 1168 diversa
582 1131 689 1178 locis,
723 1130 962 1179 Phasimque
995 1131 1224 1178 Lycumque

168 1207 206 1238 et
234 1208 362 1249 caput,
394 1201 500 1238 unde
528 1201 629 1238 altus
659 1201 829 1249 primum
859 1213 900 1238 se
930 1201 1098 1249 erumpit
1129 1201 1315 1249 Enipeus,

168 1272 274 1309 unde
303 1278 412 1320 pater
441 1271 664 1318 Tiberinus,
695 1278 733 1309 et
764 1271 870 1309 unde
900 1271 1057 1308 Aniena
1084 1271 1234 1315 fluenta

167 1354 409 1391 saxosusque
439 1355 584 1380 sonans
615 1342 796 1391 Hypanis
829 1343 1046 1391 Mysusque.
1077 1342 1232 1387 Caicus,

168 1419 205 1449 et
234 1412 390 1461 gemina
417 1419 573 1449 auratus
604 1413 756 1450 taurino
786 1425 933 1450 cornua
962 1413 1070 1449 vultu

168 1483 375 1529 Eridanus,
407 1489 486 1532 quo
518 1495 598 1525 non
627 1483 725 1520 alius
754 1495 823 1531 per
850 1482 1010 1532 pinguia
1039 1483 1141 1520 culta

166 1553 207 1590 in
237 1565 343 1591 mare
372 1565 612 1602 purpureum
641 1553 849 1603 violentior
879 1553 1000 1591 effluit
1030 1554 1167 1590 amnis.

167 1624 383 1672 Postquam
413 1631 471 1661 est
502 1624 541 1660 in
572 1624 733 1661 thalami
763 1624 979 1673 pendentia
1010 1624 1167 1672 pumice
1198 1631 1300 1661 tecta

166 1702 397 1744 perventum
428 1701 466 1732 et
496 1696 576 1732 nati
607 1695 720 1732 fietus
749 1696 934 1744 cognovit
964 1695 1100 1733 inanes

167 1765 331 1814 Cyrene,
364 1765 546 1803 manibus
576 1765 747 1815 liquidos
776 1766 872 1803 dant
902 1766 1039 1803 ordine
1068 1766 1197 1803 fontes

165 1847 385 1884 germanae,
418 1836 622 1885 tonsisque
652 1836 781 1873 ferunt
810 1837 996 1874 mantelia
1026 1836 1151 1883 villis,-

166 1918 254 1954 pars
284 1906 409 1955 epulis
438 1914 603 1944 onerant
633 1919 792 1944 mensas
822 1913 860 1944 et
890 1907 1005 1955 plena
1036 1915 1230 1955 reponunt

166 1977 308 2025 pocula
324 1990 335 2024 3
374 1976 591 2014 Panchaeis
620 1977 853 2025 adolesgunt
884 1976 1039 2026 ignibus
1069 1989 1180 2023 arae;

166 2052 204 2083 et
232 2052 366 2092 mater,
401 2047 533 2095 ‘Cape
564 2047 742 2085 Maeonii
771 2048 971 2085 carchesia
1001 2048 1176 2085 Bacchi:

166 2115 331 2154 Oceano
361 2115 554 2164 libemus,'
585 2117 650 2155 ait.
709 2118 834 2155 Simul
865 2118 949 2166 ipsa
979 2123 1181 2166 precatu&

167 2186 453 2236 Oceanumque
482 2193 633 2236 patrem
664 2200 792 2226 rerum
824 2189 1109 2238 Nymphasque
1139 2202 1302 2235 sorores,

165 2263 326 2294 centum
356 2269 458 2306 quae
488 2258 614 2305 silvas,
647 2265 808 2296 centum
838 2271 940 2308 quae
970 2259 1132 2297 flumina
1162 2267 1325 2298 servant.

1442 120 1496 163 59

1437 298 1496 329 355

1431 993 1493 1034 365

1434 1356 1496 1388 370

1427 2058 1492 2094 380
