1674 2532
182 138 236 181 32
716 135 842 167 GEOR
850 136 973 168 GJCA.

180 253 288 278 more
318 249 472 290 patrum
503 241 616 278 nivea
645 241 866 290 implebunt
896 241 1118 278 mulctraria
1148 253 1300 286 vaccae,

180 311 249 349 sed
278 318 359 349 tota
389 312 428 348 in
459 312 594 349 dulces
625 319 860 350 consument
890 311 1011 349 ubera
1041 319 1165 349 natos.

236 434 428 483 179—208.
492 434 532 470 T
527 433 688 481 mining
711 434 794 470 and
819 433 1005 481 breaking
1030 434 1071 470 in
1100 432 1262 481 offoals
1279 432 1353 481 for
1379 446 1468 470 war

730 516 777 540 ον
804 503 947 551 racing.

233 592 300 629 Sin
330 592 381 628 ad
410 590 513 628 bella
542 591 664 640 magis
695 591 867 628 studium
898 597 1125 638 turmasque
1154 590 1314 637 feroces,

177 669 244 699 aut
273 662 427 710 Alphea
457 661 548 698 rotis
578 661 750 709 praelabi
781 661 943 698 flumina
974 661 1087 698 Pisae

177 740 215 770 et
246 732 351 769 Iovis
382 732 421 768 in
451 732 540 769 luco
571 744 705 769 currus
735 732 881 781 agitare
910 732 1113 769 volantes:

177 804 324 852 primus
354 802 445 852 equi
475 801 586 839 labor
615 808 684 849 est,
716 802 870 839 animos
899 809 1018 851 atque
1047 815 1154 839 arma
1183 803 1315 841 videre

176 873 393 911 bellantum
423 873 621 921 lituosque
650 873 730 922 pati
760 880 966 922 tractuque
995 880 1220 922 gementem

177 946 275 982 ferre
304 951 429 981 rotam
460 950 497 981 et
527 943 683 981 stabulo
713 944 844 981 frenos
873 944 1009 981 audire
1039 951 1253 992 sonantes;

176 1023 260 1053 tum
290 1015 413 1064 magis
442 1021 561 1063 atque
590 1015 713 1064 magis
744 1014 899 1052 blandis
928 1015 1099 1064 gaudere
1129 1016 1299 1065 magistri

176 1086 359 1124 laudibus
390 1092 428 1123 et
457 1086 616 1134 plausae
647 1086 821 1123 sonitum
850 1086 1010 1123 cervicis
1040 1099 1181 1124 amare.

178 1160 309 1206 Atque
338 1157 435 1194 haec
466 1156 543 1193 iam
572 1157 698 1205 primo
729 1157 916 1205 depulsus
945 1156 995 1194 ab
1025 1156 1145 1194 ubere
1175 1158 1307 1195 matris

176 1229 330 1274 audeat,
363 1228 483 1275 inque
512 1227 636 1264 vicem
669 1227 735 1265 det
766 1226 951 1265 mollibus
982 1240 1048 1265 ora
1077 1228 1252 1276 capistris

177 1300 370 1337 invalidus
400 1299 599 1348 etiamque
628 1306 810 1345 tremens,
842 1299 960 1336 etiam
991 1299 1136 1336 inscius
1165 1300 1260 1337 aevi.

177 1372 229 1408 At
258 1370 381 1408 tribus
412 1370 557 1407 exactis
587 1369 655 1407 ubi
687 1376 824 1419 quarta
853 1370 1061 1408 accesserit
1091 1376 1229 1417 aestas,

175 1433 333 1491 carpere
362 1454 454 1479 mox
482 1454 619 1490 gyrum
648 1441 809 1490 incipiat
837 1441 1103 1491 gradibusque
1133 1454 1272 1479 sonare

177 1513 417 1562 compositis,
449 1513 657 1561 sinuetque
686 1512 835 1550 alterna
864 1512 1065 1550 volumina
1094 1525 1260 1559 crurum,

176 1585 302 1634 sitque
331 1583 525 1622 laboranti
555 1583 715 1630 similis3
753 1590 836 1620 tum
868 1583 1045 1620 cursibus
1075 1596 1187 1621 auras

175 1663 259 1693 tum
289 1661 413 1702 vocet,
445 1667 491 1692 ac
520 1667 589 1703 per
618 1661 751 1703 aperta
780 1654 917 1691 volans
947 1666 1019 1691 ceu
1049 1653 1147 1692 liber
1176 1653 1341 1692 habenis

174 1739 345 1775 aequora
375 1726 437 1763 vix
466 1738 620 1763 summa
650 1725 812 1774 vestigia
842 1731 963 1773 ponat
992 1724 1167 1772 harena3

175 1798 300 1846 qualis
331 1796 601 1846 Hyperboreis
630 1797 777 1845 Aquilo
807 1808 897 1833 cum
929 1796 1076 1833 densus
1104 1794 1155 1833 ab
1185 1795 1261 1832 oris

174 1867 364 1914 incubuit,
397 1867 659 1916 Scythiaeque
689 1867 840 1905 hiemes
869 1874 989 1916 atque
1017 1867 1125 1904 arida
1155 1867 1282 1904 differt

174 1938 334 1976 nubila:
375 1944 459 1975 tum
490 1945 640 1987 segetes
670 1938 771 1975 altae
801 1938 1011 1986 campique
1043 1944 1220 1975 natantes

173 2009 328 2048 lenibus
359 2010 590 2046 horrescunt
620 2008 761 2056 flabris,
795 2020 1052 2057 summaeque
1083 2020 1266 2046 sonorem

173 2081 269 2118 dant
298 2080 428 2126 silvae,
460 2080 647 2128 longique
677 2086 816 2129 urgent
846 2079 897 2117 ad
927 2080 1039 2117 litora
1069 2079 1237 2127 fluctus;

172 2153 236 2189 ille
266 2152 370 2189 volat
399 2152 514 2189 simul
544 2164 634 2188 arva
664 2152 754 2200 fuga
783 2151 899 2188 simul
928 2162 1100 2199 aequora
1128 2161 1295 2187 verrens.

175 2223 255 2259 Hic
284 2222 345 2259 vel
374 2222 425 2259 ad
456 2222 541 2259 Elei
573 2228 698 2259 metas
728 2228 766 2259 et
795 2220 966 2258 maxima
995 2220 1124 2269 campi

173 2292 330 2331 sudabit
360 2293 484 2342 spatia
513 2299 551 2331 et
580 2305 740 2342 spumas
769 2298 856 2342 aget
885 2304 953 2330 ore
982 2298 1174 2339 cruentas,

1449 1024 1505 1063 185

1445 1387 1506 1419 190

1446 1741 1504 1773 195

1443 2094 1505 2116 200
