1674 2532
534 159 686 190 LIBER
717 159 788 192 [Η.
852 149 1058 206 287—343.

138 272 299 318 ducunt,
330 278 369 309 et
398 271 558 320 gravido
588 277 772 319 superant
800 271 863 308 vix
892 271 1012 309 ubere
1041 270 1173 308 limen.

138 343 240 391 Ergo
269 342 377 379 omni
407 341 537 379 studio
565 342 730 390 glaciem
759 349 977 391 ventosque
1007 341 1164 388 nivales,

136 424 215 461 quo
245 412 373 449 minor
401 418 460 450 est
488 412 562 449 illis
593 424 708 449 curae
737 413 911 450 mortalis
941 419 1102 461 egestas,

134 489 295 529 avertes,
326 482 552 531 victumque
581 482 680 520 feres
709 490 746 520 et
776 483 904 532 virgea
932 483 1056 520 laetus

135 552 290 602 pabula,
322 565 395 590 nec
424 560 505 590 tota
535 552 694 590 claudes
724 554 881 590 faenilia
909 553 1060 591 bruma.

135 624 188 660 At
217 635 308 660 vero
337 624 522 672 Zephyris
553 636 643 660 cum
672 624 772 661 laeta
800 623 1033 661 vocantibus
1061 630 1188 661 aestas

135 693 174 729 in
204 693 323 730 saltus
353 700 562 742 utrumque
591 706 747 743 gregem
777 701 895 743 atque
924 694 964 731 in
994 706 1139 743 pascua
1167 694 1306 740 mittet,

136 764 303 801 Luciferi
334 764 460 812 primo
489 777 580 801 cum
611 765 737 802 sidere
767 765 904 813 frigida
933 777 1020 802 rura

133 846 350 883 carpamus,
381 834 476 872 dum
506 847 623 872 mane
652 847 810 882 novum,
842 835 938 872 dum
966 835 1142 884 gramina
1171 840 1326 880 canent,

134 911 173 942 et
202 917 263 942 ros
294 905 333 941 in
363 911 496 942 tenera
525 905 656 953 pecori
685 905 925 954 gratissimus
954 905 1086 943 herba.

136 975 238 1012 Inde
268 975 335 1012 ubi
365 982 501 1024 quarta
531 975 635 1012 sitim
664 976 761 1013 caeli
790 976 989 1025 collegerit
1018 976 1114 1013 hora

134 1052 173 1083 et
201 1053 318 1082 cantu
349 1046 534 1094 querulae
562 1052 745 1094 rumpent
774 1046 931 1084 arbusta
960 1046 1131 1092 cicadae,

133 1115 184 1153 ad
213 1122 352 1164 puteos
383 1122 449 1152 aut
477 1115 554 1152 alta
581 1128 716 1165 greges
745 1116 796 1153 ad
825 1124 960 1166 stagna
990 1116 1137 1154 iubebo

133 1193 355 1223 currentem
385 1186 512 1235 ilignis
541 1193 676 1235 potare
705 1186 908 1224 canalibus
937 1188 1085 1225 undam
1101 1201 1110 1234 3

133 1257 306 1295 aestibus
335 1264 373 1294 at
402 1257 543 1295 mediis
573 1257 799 1295 umbrosam
829 1258 1029 1307 exquirere
1057 1258 1211 1305 vallem,

133 1327 259 1365 sicubi
288 1340 430 1377 magna
459 1328 564 1365 Iovis
593 1329 756 1377 antiquo
785 1327 926 1366 robore
955 1341 1122 1377 quercus

133 1399 311 1448 ingentes
340 1399 476 1436 tendat
504 1411 644 1446 ramos,
675 1406 742 1437 aut
770 1399 895 1437 sicubi
925 1400 1077 1449 nigrum

132 1468 287 1507 ilicibus
317 1469 462 1507 crebris
491 1482 599 1507 sacra
629 1482 768 1507 nemus
797 1470 964 1508 accubet
994 1469 1133 1508 umbra
1150 1484 1160 1518 3

133 1549 217 1578 tum
246 1547 385 1578 tenues
414 1540 507 1577 dare
535 1553 665 1578 rursus
695 1553 828 1590 aquas,
859 1548 897 1578 et
926 1554 1086 1590 pascere
1114 1554 1245 1579 rursus

135 1611 227 1649 solis
255 1612 307 1649 ad
336 1623 532 1658 occasum,
563 1624 654 1648 cum
686 1612 846 1661 frigidus
875 1614 963 1649 aera
993 1625 1130 1661 vesper

134 1689 335 1730 temperat,
367 1689 405 1719 et
435 1682 554 1720 saltus
584 1683 706 1720 reficit
737 1683 814 1719 iam
846 1683 1001 1720 roscida
1030 1684 1134 1730 luna,

132 1753 324 1802 litoraque
353 1753 559 1802 alcyonem
588 1760 782 1800 resonant,
814 1754 1062 1791 acalanthida
1091 1754 1213 1792 dumi.

1402 158 1454 204 37

1396 495 1457 526 323

1395 849 1458 880 325

1396 1201 1459 1232 330

1396 1556 1458 1588 335

132 1874 343 1925 ‘339-383.
402 1875 547 1912 Habits
574 1874 622 1923 of
640 1874 806 1923 African
836 1875 920 1912 and
947 1875 1128 1923 Scythian
1158 1875 1353 1912 herdsmen
1382 1887 1462 1912 con-

412 1946 565 1983 trasted.
623 1946 662 1983 A
693 1946 876 1982 northern
905 1946 1048 1982 winter
1073 1958 1182 1984 scene.

189 2035 299 2083 Quid
327 2034 397 2072 tibi
427 2041 601 2083 pastores
632 2033 790 2082 Libyae,
823 2035 919 2083 quid
949 2046 1094 2083 pascua
1123 2046 1236 2072 versu

134 2117 348 2155 prosequar
377 2112 415 2143 et
444 2105 536 2142 raris
565 2104 740 2142 habitata
768 2105 937 2154 mapalia
966 2106 1108 2143 tectis?

135 2177 261 2225 Saepe
290 2176 395 2214 diem
425 2183 663 2225 noctemque
692 2182 731 2213 et
760 2182 886 2213 totum
916 2189 963 2214 ex
992 2176 1130 2214 ordine
1160 2187 1338 2214 mensem

134 2247 305 2296 pascitur
334 2247 442 2295 itque
471 2258 592 2294 pecus
622 2246 739 2295 longa
769 2247 808 2283 in
837 2247 992 2284 deserta
1021 2247 1105 2284 sine
1134 2247 1223 2284 ullis

135 2317 338 2366 hospitiis:
378 2323 530 2355 tantum
559 2317 688 2366 campi
718 2317 828 2355 iacet.
888 2317 1035 2355 Omnia
1065 2329 1199 2356 secum

1397 2119 1460 2151 340
