1674 2532
185 148 239 191 30
719 147 845 179 GEOR
852 147 976 181 GJCA.

184 348 227 371 12
234 348 306 384 3-—1
316 337 376 384 56.
427 337 468 373 T
461 340 649 373 reatment
664 336 713 385 of
730 337 856 374 lzorses
876 349 999 374 mares
1018 338 1102 374 and
1125 350 1221 375 cows
1249 338 1290 375 in
1319 338 1507 387 hreeding-

790 409 889 445 time.

230 512 307 548 His
336 512 617 550 animadversis
647 512 794 549 instant
824 510 898 549 sub
928 518 1096 560 tempus,
1128 518 1167 549 et
1197 524 1336 551 omnes

174 582 410 631 impendunt
440 595 551 620 curas
581 583 707 621 denso
737 582 963 620 distendere
994 582 1130 631 pingui

173 665 292 702 quem
322 654 449 703 legere
478 654 622 691 ducem
652 660 690 691 et
719 653 852 702 pecori
882 653 1015 691 dixere
1044 653 1255 700 maritum;

170 724 434 773 florentesque
463 731 598 762 secant
626 724 768 762 herbas
803 724 1023 773 fluviosque
1053 724 1274 761 ministrant

170 795 358 843 farraque,
391 807 441 832 ne
471 794 618 832 blando
649 801 820 844 nequeat
851 806 1056 842 superesse
1086 792 1211 831 labori

170 866 409 915 invalidique
438 872 593 914 patrum
623 866 790 903 referant
819 865 964 903 ieiunia
994 865 1086 902 nati.

169 937 261 985 Ipsa
289 944 421 974 autem
452 937 578 975 macie
607 943 772 975 tenuant
802 944 979 974 armenta
1008 936 1196 983 volentes,

166 1014 286 1056 atque
315 1007 383 1045 ubi
412 1007 649 1045 concubitus
679 1008 826 1056 primos
856 1007 933 1044 iam
964 1014 1058 1045 nota
1087 1007 1268 1056 voluptas

166 1079 358 1125 sollicitat,
381 1079 622 1128 frondesque
652 1086 796 1128 negant
826 1085 865 1116 et
895 1077 1071 1116 fontibus
1099 1086 1244 1116 arcent.

165 1151 291 1199 Saepe
322 1150 439 1187 etiam
470 1162 587 1187 cursu
616 1150 798 1198 quatiunt
829 1156 867 1187 et
896 1149 978 1187 sole
1009 1149 1195 1198 fatigant;

163 1233 254 1258 cum
283 1222 449 1270 graviter
477 1221 602 1259 tunsis
632 1221 753 1271 gemit
785 1233 874 1259 area
904 1219 1091 1269 frugibus,
1123 1226 1162 1258 et
1191 1233 1283 1257 cum

163 1299 388 1341 surgentem
418 1293 469 1330 ad
499 1293 721 1341 Zephyrum
752 1292 887 1341 paleae
917 1292 1110 1328 iactantur
1140 1291 1289 1329 inanes.

164 1364 257 1401 Hoc
288 1364 447 1411 faciunt,
479 1364 602 1401 nimio
632 1376 683 1401 ne
712 1363 805 1400 luxu
836 1362 1016 1400 obtusior
1045 1374 1139 1399 usus

160 1433 397 1484 sit'genitali
427 1447 519 1472 arvo
549 1442 587 1472 et
617 1435 747 1472 sulcos
777 1433 942 1472 oblimet
973 1433 1128 1479 inertes,

160 1506 230 1543 sed
260 1506 382 1555 rapiat
412 1506 547 1543 sitiens
577 1507 774 1543 Venerem
806 1504 1048 1554 interiusque
1078 1504 1280 1542 recondat.

213 1577 366 1614 Rursus
395 1589 488 1614 cura
517 1582 671 1625 patrum
701 1576 843 1614 cadere
873 1582 911 1613 et
940 1575 1154 1612 succedere
1186 1582 1355 1613 matrum

158 1648 304 1696 incipit.
365 1647 523 1685 Exactis
552 1647 735 1697 gravidae
765 1659 856 1683 cum
886 1645 1091 1683 mensibus
1121 1652 1261 1692 errant,

157 1731 237 1755 non
267 1718 350 1755 illas
378 1717 561 1767 gravibus
590 1718 800 1767 quisquam
830 1717 918 1766 iuga
947 1717 1092 1754 ducere
1121 1716 1312 1765 plaustris,

156 1801 237 1826 non
267 1789 366 1826 saltu
397 1801 579 1837 superare
609 1789 711 1826 viam
742 1788 790 1825 sit
820 1800 958 1837 passus
989 1794 1026 1825 et
1055 1787 1133 1824 aeri

154 1872 313 1908 carpere
342 1867 450 1908 prata
479 1860 569 1909 fuga
599 1859 817 1909 fluviosque
848 1859 984 1896 innare
1013 1870 1185 1907 rapaces.

153 1930 325 1968 Saltibus
356 1931 396 1967 in
425 1931 558 1968 vacuis
588 1938 755 1979 pascunt
785 1937 822 1967 et
852 1930 969 1978 plena
997 1928 1219 1967 secundum

152 2001 325 2049 flumina,
358 2014 517 2039 muscus
547 2002 614 2039 ubi
645 2009 683 2039 et
712 2001 946 2039 viridissima
975 2000 1150 2049 gramine
1179 2000 1272 2048 ripa,

151 2073 442 2121 speluncaeque
471 2080 604 2122 tegant
634 2080 671 2111 et
701 2085 815 2110 saxea
844 2071 1036 2120 procubet
1065 2070 1215 2108 umbra.

151 2144 223 2181 Est
252 2144 362 2181 lucos
393 2144 503 2181 Silari
534 2144 636 2181 circa
665 2143 901 2192 ilicibusque
931 2143 1122 2180 virentem

148 2214 338 2262 plurimus
369 2214 590 2252 Alburnum
622 2215 800 2260 volitans,
831 2214 894 2252 cui
924 2226 1071 2252 nomen
1100 2214 1198 2252 asilo

150 2286 376 2323 Romanum
408 2293 477 2332 est,
510 2292 683 2323 oestrum
714 2285 805 2323 Grai
837 2292 985 2343 vertere
1014 2292 1211 2331 vocantes,

146 2366 270 2404 asper,
301 2355 443 2394 acerba
473 2368 630 2403 sonans,
663 2369 744 2406 quo
773 2363 855 2394 tota
884 2356 1065 2394 exterrita
1094 2355 1199 2393 silvis

1444 670 1503 702 125

1438 1024 1501 1055 130

1436 1380 1496 1412 ¹35

1431 1732 1492 1765 140

1424 2088 1483 2119 145
