1674 2532
205 150 261 192 34
738 146 864 178 GEOR
871 147 996 178 GJCA.
1052 134 1055 137 ’

205 259 243 290 et
272 258 395 290 tentat
425 264 522 298 sese,
553 258 671 301 atque
701 253 812 290 irasci
843 253 881 290 in
913 265 1060 290 cornua
1089 252 1203 290 discit

203 323 351 361 arboris
380 322 548 361 obnixus
577 331 727 370 trunco,
759 331 977 373 ventosque
1005 324 1160 361 lacessit

204 392 355 440 ictibus,
388 401 426 432 et
456 407 588 443 sparsa
616 395 667 432 ad
697 406 868 443 pugnam
899 394 1071 443 proludit
1101 394 1255 432 harena.

208 466 298 502 Post
328 463 395 502 ubi
425 465 634 502 collectum
664 465 783 502 robur
812 466 992 514 viresque
1021 465 1199 511 refectae,
1469 478 1527 510 ²35

203 535 312 584 signa
341 542 484 582 movet,
516 548 784 585 praecepsque
813 535 980 573 oblitum
1011 536 1128 573 fertur
1158 535 1197 572 in
1227 535 1405 572 hostem:

204 604 343 643 fluctus
372 606 439 652 uti,
473 606 609 644 medio
639 606 769 655 coepit
799 618 889 643 cum
920 605 1119 643 albescere
1148 612 1282 655 ponto,

204 675 356 724 longius
386 688 433 713 ex
461 676 621 725 altoque
651 677 783 713 sinum
813 676 940 723 trahit,
972 682 1094 725 utque
1122 676 1278 713 volutus

203 747 254 784 ad
283 753 402 784 terras
431 746 605 784 immane
635 753 749 784 sonat
779 759 847 795 per
877 759 967 784 saxa
997 758 1126 795 neque
1156 747 1242 795 ipso

205 823 341 854 monte
369 817 498 854 minor
526 816 760 865 procumbit,
791 824 830 855 at
859 818 938 854 ima
968 824 1167 855 exaestuat
1196 817 1302 855 unda
1471 833 1532 864 240

203 887 412 925 verticibus
442 888 673 937 nigramque
702 889 780 926 alte
809 888 1002 926 subiectat
1032 888 1229 925 harenam.

380 1010 576 1058 242—283.
641 1011 682 1047 T
675 1010 720 1046 lze
748 1010 950 1047 universal
973 1010 1167 1047 dominion
1196 1009 1244 1059 of
1259 1011 1370 1048 Love.

257 1097 389 1135 Omne
418 1098 519 1135 adeo
549 1110 673 1147 genus
702 1098 741 1134 in
772 1098 882 1135 terris
912 1098 1200 1147 hominumque
1229 1098 1488 1148 ferarumque,

204 1175 242 1206 et
272 1181 394 1217 genus
424 1181 677 1218 aequoreum,
710 1169 885 1218 pecudes
914 1169 1122 1218 pictaeque
1150 1169 1339 1216 volucres,

205 1241 243 1277 in
272 1240 389 1277 furias
419 1240 632 1289 ignemque
662 1246 804 1277 ruunt:
844 1241 968 1277 Amor
998 1239 1183 1277 omnibus
1213 1240 1330 1278 idem.

203 1312 401 1359 Tempore
431 1323 511 1348 non
541 1311 618 1348 alio
648 1311 866 1348 catulorum
896 1310 1018 1348 oblita
1047 1311 1184 1348 leaena
1471 1329 1531 1359 245

158 1389 160 1392 '
204 1382 354 1437 saevior
383 1382 521 1419 erravit
551 1383 710 1431 campis,
743 1394 816 1419 nec
846 1381 982 1419 funera
1012 1382 1127 1430 vulgo

203 1459 283 1489 tam
314 1453 437 1489 multa
467 1452 654 1490 informes
684 1453 761 1490 ursi
792 1458 1039 1501 stragemque
1070 1452 1214 1490 dedere

204 1535 271 1572 per
300 1523 439 1571 silvas3
477 1531 561 1561 tum
592 1536 730 1561 saevus
759 1536 864 1572 aper,
895 1530 978 1560 tum
1009 1523 1179 1571 pessima
1209 1523 1336 1572 tigris:

205 1595 280 1631 heu
311 1595 412 1632 male
444 1602 527 1632 tum
560 1594 707 1644 Libyae
737 1595 829 1632 solis
859 1601 1005 1632 erratur
1034 1594 1074 1631 in
1103 1595 1213 1643 agris.

205 1666 351 1703 Nonne
380 1666 500 1712 vides,
535 1672 577 1703 ut
608 1673 690 1703 tota
719 1672 865 1703 tremor
895 1672 1090 1714 pertentet
1120 1678 1311 1714 equorum
1471 1684 1532 1715 250

203 1748 377 1784 corpora,
410 1737 439 1774 si
469 1744 623 1774 tantum
653 1744 766 1774 notas
795 1737 895 1774 odor
922 1737 1050 1774 attulit
1079 1738 1220 1774 auras?

206 1808 265 1844 Ac
294 1819 424 1856 neque
454 1820 521 1845 eos
551 1808 628 1844 iam
658 1808 766 1845 frena
795 1808 919 1844 virum
950 1820 1079 1856 neque
1107 1807 1267 1846 verbera
1297 1821 1421 1856 saeva,

206 1890 287 1915 non
318 1878 469 1926 scopuli
500 1891 695 1927 rupesque
724 1890 842 1915 cavae
871 1885 989 1926 atque
1019 1877 1173 1915 obiecta
1203 1879 1399 1916 retardant

207 1948 368 1985 flumina
398 1956 678 1997 correptosque
709 1949 815 1986 unda
846 1948 1067 1997 torquentia
1099 1956 1263 1986 montes.

209 2021 299 2068 Ipse
328 2020 404 2056 ruit
434 2020 654 2068 dentesque
685 2020 900 2057 Sabellicus
930 2020 1082 2057 exacuit
1111 2032 1187 2066 sus,
1473 2037 1531 2068 255

207 2096 246 2127 et
275 2089 377 2138 pede
407 2090 625 2139 prosubigit
655 2098 805 2137 terram,
839 2090 947 2127 fricat
977 2090 1114 2128 arbore
1144 2096 1283 2137 costas,

207 2167 326 2209 atque
355 2161 448 2197 hinc
477 2169 594 2209 atque
626 2162 730 2198 illinc
761 2174 917 2199 umeros
946 2161 996 2198 ad
1027 2162 1185 2199 vulnera
1216 2162 1339 2199 durat.

209 2231 318 2278 Quid
349 2231 510 2277 iuvenis,
542 2244 727 2280 magnum
758 2232 820 2268 cui
850 2239 974 2269 versat
1006 2232 1043 2268 in
1075 2232 1228 2269 ossibus
1259 2232 1388 2281 ignem

209 2300 329 2338 durus
357 2302 496 2339 amor?
545 2302 701 2351 Nempe
731 2302 906 2351 abruptis
936 2302 1089 2340 turbata
1118 2303 1298 2352 procellis
