<?xml version="1.0" encoding="UTF-8"?>
<!DOCTYPE html PUBLIC "-//W3C//DTD XHTML 1.0 Transitional//EN"
    "http://www.w3.org/TR/xhtml1/DTD/xhtml1-transitional.dtd">
<html xmlns="http://www.w3.org/1999/xhtml" xml:lang="en" lang="en">
 <head>
  <title>
</title>
<meta http-equiv="Content-Type" content="text/html;charset=utf-8" />
  <meta name='ocr-system' content='tesseract 3.04.00' />
  <meta name='ocr-capabilities' content='ocr_page ocr_carea ocr_par ocr_line ocrx_word'/>
</head>
<body>
  <div class='ocr_page' id='page_1' title='image "./georgicsbooksiii00virguoft_0067.png"; bbox 0 0 1674 2532; ppageno 0'>
   <div class='ocr_carea' id='block_1_1' title="bbox 551 124 1469 176">
    <p class='ocr_par' dir='ltr' id='par_1_1' title="bbox 551 124 1469 176">
     <span class='ocr_line' id='line_1_1' title="bbox 551 124 1469 176; baseline 0.014 -14"><span class='ocrx_word' id='word_1_1' title='bbox 551 131 703 162; x_wconf 76' lang='lat' dir='ltr'><em>LIBER</em></span> <span class='ocrx_word' id='word_1_2' title='bbox 734 130 799 163; x_wconf 80' lang='lat' dir='ltr'>JV.</span> <span class='ocrx_word' id='word_1_3' title='bbox 859 134 974 172; x_wconf 87' lang='lat'>444—</span> <span class='ocrx_word' id='word_1_4' title='bbox 977 130 1030 175; x_wconf 87' lang='lat'>50</span> <span class='ocrx_word' id='word_1_5' title='bbox 1035 135 1073 176; x_wconf 83' lang='lat'>3.</span> <span class='ocrx_word' id='word_1_6' title='bbox 1417 124 1469 175; x_wconf 69' lang='lat'>63</span> 
     </span>
    </p>
   </div>
   <div class='ocr_carea' id='block_1_2' title="bbox 151 217 1279 286">
    <p class='ocr_par' dir='ltr' id='par_1_2' title="bbox 151 217 1279 286">
     <span class='ocr_line' id='line_1_2' title="bbox 151 217 1279 286; baseline -0.004 -11"><span class='ocrx_word' id='word_1_7' title='bbox 151 249 287 286; x_wconf 92' lang='lat' dir='ltr'>vesper</span> <span class='ocrx_word' id='word_1_8' title='bbox 316 236 381 274; x_wconf 90' lang='lat' dir='ltr'>ubi</span> <span class='ocrx_word' id='word_1_9' title='bbox 411 243 477 274; x_wconf 87' lang='lat' dir='ltr'>aut</span> <span class='ocrx_word' id='word_1_10' title='bbox 509 217 696 273; x_wconf 86' lang='lat' dir='ltr'>hibernus</span> <span class='ocrx_word' id='word_1_11' title='bbox 726 236 804 284; x_wconf 82' lang='lat' dir='ltr'>agit</span> <span class='ocrx_word' id='word_1_12' title='bbox 833 235 884 273; x_wconf 90' lang='lat' dir='ltr'>de</span> <span class='ocrx_word' id='word_1_13' title='bbox 912 234 1114 273; x_wconf 91' lang='lat' dir='ltr'>montibus</span> <span class='ocrx_word' id='word_1_14' title='bbox 1144 234 1279 281; x_wconf 83' lang='lat' dir='ltr'><strong>imber,</strong></span> 
     </span>
    </p>
   </div>
   <div class='ocr_carea' id='block_1_3' title="bbox 92 306 1470 356">
    <p class='ocr_par' dir='ltr' id='par_1_3' title="bbox 92 306 1470 356">
     <span class='ocr_line' id='line_1_3' title="bbox 92 306 1470 356; baseline -0.003 -11"><span class='ocrx_word' id='word_1_15' title='bbox 92 337 97 339; x_wconf 67' lang='grc'><strong>-</strong></span> <span class='ocrx_word' id='word_1_16' title='bbox 149 314 291 345; x_wconf 88' lang='lat' dir='ltr'>matres</span> <span class='ocrx_word' id='word_1_17' title='bbox 320 314 437 356; x_wconf 87' lang='lat' dir='ltr'>atque</span> <span class='ocrx_word' id='word_1_18' title='bbox 465 307 534 343; x_wconf 87' lang='lat' dir='ltr'>viri</span> <span class='ocrx_word' id='word_1_19' title='bbox 564 306 829 354; x_wconf 85' lang='lat' dir='ltr'>defunctaque</span> <span class='ocrx_word' id='word_1_20' title='bbox 857 318 1020 354; x_wconf 89' lang='lat' dir='ltr'>corpora</span> <span class='ocrx_word' id='word_1_21' title='bbox 1049 306 1125 343; x_wconf 91' lang='lat' dir='ltr'>vita</span> <span class='ocrx_word' id='word_1_22' title='bbox 1408 321 1470 352; x_wconf 76' lang='lat'>475</span> 
     </span>
    </p>
   </div>
   <div class='ocr_carea' id='block_1_4' title="bbox 148 376 1513 2329">
    <p class='ocr_par' dir='ltr' id='par_1_4' title="bbox 149 376 1283 497">
     <span class='ocr_line' id='line_1_4' title="bbox 150 376 1283 435; baseline -0.001 -21"><span class='ocrx_word' id='word_1_23' title='bbox 150 378 443 435; x_wconf 61' lang='lat' dir='ltr'>magnanQn</span> <span class='ocrx_word' id='word_1_24' title='bbox 473 377 649 423; x_wconf 88' lang='lat' dir='ltr'>heroum,</span> <span class='ocrx_word' id='word_1_25' title='bbox 681 376 789 425; x_wconf 89' lang='lat' dir='ltr'>pueri</span> <span class='ocrx_word' id='word_1_26' title='bbox 821 376 1091 424; x_wconf 81' lang='lat' dir='ltr'>innuptaeque</span> <span class='ocrx_word' id='word_1_27' title='bbox 1119 377 1283 425; x_wconf 86' lang='lat' dir='ltr'>puellae,</span> 
     </span>
     <span class='ocr_line' id='line_1_5' title="bbox 149 446 1200 497; baseline -0.002 -13"><span class='ocrx_word' id='word_1_28' title='bbox 149 447 401 496; x_wconf 84' lang='lat' dir='ltr'>impositique</span> <span class='ocrx_word' id='word_1_29' title='bbox 430 447 531 496; x_wconf 87' lang='lat' dir='ltr'>rogis</span> <span class='ocrx_word' id='word_1_30' title='bbox 561 446 721 484; x_wconf 87' lang='lat' dir='ltr'>iuvenes</span> <span class='ocrx_word' id='word_1_31' title='bbox 750 453 938 497; x_wconf 32' lang='lat' dir='ltr'>ante-ora</span> <span class='ocrx_word' id='word_1_32' title='bbox 967 452 1200 495; x_wconf 84' lang='lat' dir='ltr'>parentum3</span> 
     </span>
    </p>

    <p class='ocr_par' dir='ltr' id='par_1_5' title="bbox 149 510 1200 566">
     <span class='ocr_line' id='line_1_6' title="bbox 149 510 1200 566; baseline -0.002 -11"><span class='ocrx_word' id='word_1_33' title='bbox 149 529 248 566; x_wconf 88' lang='lat' dir='ltr'>quos</span> <span class='ocrx_word' id='word_1_34' title='bbox 278 517 424 554; x_wconf 89' lang='lat' dir='ltr'>circum</span> <span class='ocrx_word' id='word_1_35' title='bbox 453 517 569 554; x_wconf 91' lang='lat' dir='ltr'>limus</span> <span class='ocrx_word' id='word_1_36' title='bbox 599 517 707 566; x_wconf 85' lang='lat' dir='ltr'>niger</span> <span class='ocrx_word' id='word_1_37' title='bbox 736 523 774 554; x_wconf 88' lang='lat' dir='ltr'>et</span> <span class='ocrx_word' id='word_1_38' title='bbox 804 516 990 554; x_wconf 91' lang='lat' dir='ltr'>deformis</span> <span class='ocrx_word' id='word_1_39' title='bbox 1020 510 1200 553; x_wconf 76' lang='lat' dir='ltr'>harundo</span> 
     </span>
    </p>

    <p class='ocr_par' dir='ltr' id='par_1_6' title="bbox 150 582 1037 636">
     <span class='ocr_line' id='line_1_7' title="bbox 150 582 1037 636; baseline -0.002 -11"><span class='ocrx_word' id='word_1_40' title='bbox 150 588 289 636; x_wconf 86' lang='lat' dir='ltr'>Cocyti</span> <span class='ocrx_word' id='word_1_41' title='bbox 319 582 507 636; x_wconf 67' lang='lat' dir='ltr'>tardaque</span> <span class='ocrx_word' id='word_1_42' title='bbox 536 588 647 636; x_wconf 88' lang='lat' dir='ltr'>palus</span> <span class='ocrx_word' id='word_1_43' title='bbox 677 586 898 624; x_wconf 84' lang='lat' dir='ltr'>inamabilis</span> <span class='ocrx_word' id='word_1_44' title='bbox 927 585 1037 624; x_wconf 65' lang='lat' dir='ltr'>unda*</span> 
     </span>
    </p>

    <p class='ocr_par' dir='ltr' id='par_1_7' title="bbox 149 657 1472 782">
     <span class='ocr_line' id='line_1_8' title="bbox 149 657 1472 709; baseline -0.002 -14"><span class='ocrx_word' id='word_1_45' title='bbox 149 658 289 709; x_wconf 74' lang='lat' dir='ltr'>alligat,</span> <span class='ocrx_word' id='word_1_46' title='bbox 318 664 356 696; x_wconf 89' lang='lat' dir='ltr'>et</span> <span class='ocrx_word' id='word_1_47' title='bbox 385 659 548 695; x_wconf 86' lang='lat' dir='ltr'>noviens</span> <span class='ocrx_word' id='word_1_48' title='bbox 578 658 670 707; x_wconf 82' lang='lat' dir='ltr'>Styx</span> <span class='ocrx_word' id='word_1_49' title='bbox 699 657 885 694; x_wconf 89' lang='lat' dir='ltr'>interfusa</span> <span class='ocrx_word' id='word_1_50' title='bbox 914 663 1079 694; x_wconf 89' lang='lat' dir='ltr'>coercet.</span> <span class='ocrx_word' id='word_1_51' title='bbox 1408 664 1472 703; x_wconf 81' lang='lat'>480</span> 
     </span>
     <span class='ocr_line' id='line_1_9' title="bbox 150 727 1267 782; baseline -0.002 -17"><span class='ocrx_word' id='word_1_52' title='bbox 150 728 258 776; x_wconf 88' lang='lat' dir='ltr'>Quin</span> <span class='ocrx_word' id='word_1_53' title='bbox 289 728 395 777; x_wconf 83' lang='lat' dir='ltr'>ipsae</span> <span class='ocrx_word' id='word_1_54' title='bbox 425 735 609 777; x_wconf 90' lang='lat' dir='ltr'>stupuere</span> <span class='ocrx_word' id='word_1_55' title='bbox 638 728 780 765; x_wconf 73' lang='lat' dir='ltr'>domus</span> <span class='ocrx_word' id='word_1_56' title='bbox 809 734 927 776; x_wconf 90' lang='lat' dir='ltr'>atque</span> <span class='ocrx_word' id='word_1_57' title='bbox 956 728 1093 782; x_wconf 47' lang='lat' dir='ltr'>inti-rna</span> <span class='ocrx_word' id='word_1_58' title='bbox 1125 727 1210 764; x_wconf 89' lang='lat' dir='ltr'>Leti</span> <span class='ocrx_word' id='word_1_59' title='bbox 1259 748 1267 763; x_wconf 51' lang='lat' dir='ltr'>i</span> 
     </span>
    </p>

    <p class='ocr_par' dir='ltr' id='par_1_8' title="bbox 149 797 1258 918">
     <span class='ocr_line' id='line_1_10' title="bbox 149 797 1219 847; baseline -0.001 -12"><span class='ocrx_word' id='word_1_60' title='bbox 149 800 309 846; x_wconf 64' lang='lat' dir='ltr'>Tartara</span> <span class='ocrx_word' id='word_1_61' title='bbox 339 799 619 847; x_wconf 88' lang='lat' dir='ltr'>caeruleosque</span> <span class='ocrx_word' id='word_1_62' title='bbox 649 798 840 846; x_wconf 83' lang='lat' dir='ltr'>implexae</span> <span class='ocrx_word' id='word_1_63' title='bbox 869 797 1041 835; x_wconf 85' lang='lat' dir='ltr'>crinibus</span> <span class='ocrx_word' id='word_1_64' title='bbox 1071 809 1219 846; x_wconf 87' lang='lat' dir='ltr'>angues</span> 
     </span>
     <span class='ocr_line' id='line_1_11' title="bbox 150 868 1258 918; baseline -0.001 -12"><span class='ocrx_word' id='word_1_65' title='bbox 150 869 403 916; x_wconf 84' lang='lat' dir='ltr'>Eumenides,</span> <span class='ocrx_word' id='word_1_66' title='bbox 435 869 640 918; x_wconf 90' lang='lat' dir='ltr'>tenuitque</span> <span class='ocrx_word' id='word_1_67' title='bbox 669 869 824 906; x_wconf 88' lang='lat' dir='ltr'>inhians</span> <span class='ocrx_word' id='word_1_68' title='bbox 855 869 926 905; x_wconf 87' lang='lat' dir='ltr'>tria</span> <span class='ocrx_word' id='word_1_69' title='bbox 957 868 1150 907; x_wconf 89' lang='lat' dir='ltr'>Cerberus</span> <span class='ocrx_word' id='word_1_70' title='bbox 1181 880 1258 914; x_wconf 91' lang='lat' dir='ltr'>ora,</span> 
     </span>
    </p>

    <p class='ocr_par' dir='ltr' id='par_1_9' title="bbox 148 928 1513 1129">
     <span class='ocr_line' id='line_1_12' title="bbox 148 928 1513 988; baseline 0 -12"><span class='ocrx_word' id='word_1_71' title='bbox 148 946 266 988; x_wconf 89' lang='lat' dir='ltr'>atque</span> <span class='ocrx_word' id='word_1_72' title='bbox 297 939 437 977; x_wconf 88' lang='lat' dir='ltr'>Ixionii</span> <span class='ocrx_word' id='word_1_73' title='bbox 467 946 587 977; x_wconf 87' lang='lat' dir='ltr'>vento</span> <span class='ocrx_word' id='word_1_74' title='bbox 615 945 699 976; x_wconf 88' lang='lat' dir='ltr'>rota</span> <span class='ocrx_word' id='word_1_75' title='bbox 728 939 903 976; x_wconf 88' lang='lat' dir='ltr'>constitit</span> <span class='ocrx_word' id='word_1_76' title='bbox 932 938 1048 976; x_wconf 90' lang='lat' dir='ltr'>orbis.</span> <span class='ocrx_word' id='word_1_77' title='bbox 1120 951 1121 957; x_wconf 59' lang='lat'>¹</span> <span class='ocrx_word' id='word_1_78' title='bbox 1152 958 1171 972; x_wconf 74' lang='lat' dir='ltr'><strong><em>z</em></strong></span> <span class='ocrx_word' id='word_1_79' title='bbox 1460 942 1476 958; x_wconf 69' lang='lat'>³</span> <span class='ocrx_word' id='word_1_80' title='bbox 1511 928 1513 932; x_wconf 45' lang='grc'>’</span> 
     </span>
     <span class='ocr_line' id='line_1_13' title="bbox 151 1009 1472 1059; baseline 0 -13"><span class='ocrx_word' id='word_1_81' title='bbox 151 1010 316 1059; x_wconf 88' lang='lat' dir='ltr'>Iamque</span> <span class='ocrx_word' id='word_1_82' title='bbox 345 1009 490 1058; x_wconf 89' lang='lat' dir='ltr'>pedem</span> <span class='ocrx_word' id='word_1_83' title='bbox 519 1010 689 1047; x_wconf 89' lang='lat' dir='ltr'>referens</span> <span class='ocrx_word' id='word_1_84' title='bbox 719 1021 831 1047; x_wconf 88' lang='lat' dir='ltr'>casus</span> <span class='ocrx_word' id='word_1_85' title='bbox 861 1016 1034 1046; x_wconf 89' lang='lat' dir='ltr'>evaserat</span> <span class='ocrx_word' id='word_1_86' title='bbox 1064 1021 1213 1055; x_wconf 91' lang='lat' dir='ltr'>omnes,</span> <span class='ocrx_word' id='word_1_87' title='bbox 1409 1017 1472 1055; x_wconf 77' lang='lat'>485</span> 
     </span>
     <span class='ocr_line' id='line_1_14' title="bbox 149 1079 1228 1129; baseline 0.001 -13"><span class='ocrx_word' id='word_1_88' title='bbox 149 1079 381 1129; x_wconf 89' lang='lat' dir='ltr'>redditaque</span> <span class='ocrx_word' id='word_1_89' title='bbox 411 1079 606 1129; x_wconf 84' lang='lat' dir='ltr'>Eurydice</span> <span class='ocrx_word' id='word_1_90' title='bbox 635 1092 794 1128; x_wconf 87' lang='lat' dir='ltr'>superas</span> <span class='ocrx_word' id='word_1_91' title='bbox 824 1079 1006 1118; x_wconf 87' lang='lat' dir='ltr'>veniebat</span> <span class='ocrx_word' id='word_1_92' title='bbox 1035 1080 1086 1117; x_wconf 87' lang='lat' dir='ltr'>ad</span> <span class='ocrx_word' id='word_1_93' title='bbox 1115 1092 1228 1117; x_wconf 91' lang='lat' dir='ltr'>auras</span> 
     </span>
    </p>

    <p class='ocr_par' dir='ltr' id='par_1_10' title="bbox 149 1149 1447 1340">
     <span class='ocr_line' id='line_1_15' title="bbox 149 1149 1447 1199; baseline 0 -12"><span class='ocrx_word' id='word_1_94' title='bbox 149 1162 254 1199; x_wconf 94' lang='lat' dir='ltr'>pone</span> <span class='ocrx_word' id='word_1_95' title='bbox 283 1162 454 1199; x_wconf 88' lang='lat' dir='ltr'>sequens</span> <span class='ocrx_word' id='word_1_96' title='bbox 485 1149 674 1199; x_wconf 90' lang='lat' dir='ltr'>(namque</span> <span class='ocrx_word' id='word_1_97' title='bbox 703 1151 806 1187; x_wconf 89' lang='lat' dir='ltr'>hanc</span> <span class='ocrx_word' id='word_1_98' title='bbox 835 1151 997 1189; x_wconf 84' lang='lat' dir='ltr'>dederat</span> <span class='ocrx_word' id='word_1_99' title='bbox 1028 1151 1260 1199; x_wconf 87' lang='lat' dir='ltr'>Pros‘erpina</span> <span class='ocrx_word' id='word_1_100' title='bbox 1290 1149 1447 1199; x_wconf 85' lang='lat' dir='ltr'>legem),</span> 
     </span>
     <span class='ocr_line' id='line_1_16' title="bbox 149 1219 1235 1270; baseline 0.002 -14"><span class='ocrx_word' id='word_1_101' title='bbox 149 1232 240 1257; x_wconf 87' lang='lat' dir='ltr'>cum</span> <span class='ocrx_word' id='word_1_102' title='bbox 271 1219 399 1258; x_wconf 90' lang='lat' dir='ltr'>subita</span> <span class='ocrx_word' id='word_1_103' title='bbox 428 1220 629 1262; x_wconf 80' lang='lat' dir='ltr'>incautum</span> <span class='ocrx_word' id='word_1_104' title='bbox 660 1221 861 1258; x_wconf 89' lang='lat' dir='ltr'>dementia</span> <span class='ocrx_word' id='word_1_105' title='bbox 889 1221 994 1270; x_wconf 88' lang='lat' dir='ltr'>cepit</span> <span class='ocrx_word' id='word_1_106' title='bbox 1022 1228 1235 1267; x_wconf 91' lang='lat' dir='ltr'>amantem,</span> 
     </span>
     <span class='ocr_line' id='line_1_17' title="bbox 151 1291 1257 1340; baseline 0.003 -14"><span class='ocrx_word' id='word_1_107' title='bbox 151 1291 392 1339; x_wconf 85' lang='lat' dir='ltr'>ignoscenda</span> <span class='ocrx_word' id='word_1_108' title='bbox 421 1291 594 1339; x_wconf 91' lang='lat' dir='ltr'>quidem,</span> <span class='ocrx_word' id='word_1_109' title='bbox 626 1291 768 1328; x_wconf 90' lang='lat' dir='ltr'>scirent</span> <span class='ocrx_word' id='word_1_110' title='bbox 798 1291 828 1328; x_wconf 91' lang='lat' dir='ltr'>si</span> <span class='ocrx_word' id='word_1_111' title='bbox 859 1291 1061 1340; x_wconf 85' lang='lat' dir='ltr'>ignoscere</span> <span class='ocrx_word' id='word_1_112' title='bbox 1093 1292 1257 1329; x_wconf 86' lang='lat' dir='ltr'>Manes:</span> 
     </span>
    </p>

    <p class='ocr_par' dir='ltr' id='par_1_11' title="bbox 150 1361 1474 1552">
     <span class='ocr_line' id='line_1_18' title="bbox 151 1361 1474 1410; baseline 0.001 -12"><span class='ocrx_word' id='word_1_113' title='bbox 151 1361 300 1408; x_wconf 86' lang='lat' dir='ltr'>restitit,</span> <span class='ocrx_word' id='word_1_114' title='bbox 333 1361 638 1410; x_wconf 84' lang='lat' dir='ltr'>Eurydicenque</span> <span class='ocrx_word' id='word_1_115' title='bbox 667 1374 777 1399; x_wconf 87' lang='lat' dir='ltr'>suam</span> <span class='ocrx_word' id='word_1_116' title='bbox 808 1362 885 1399; x_wconf 92' lang='lat' dir='ltr'>iam</span> <span class='ocrx_word' id='word_1_117' title='bbox 916 1363 1003 1399; x_wconf 91' lang='lat' dir='ltr'>luce</span> <span class='ocrx_word' id='word_1_118' title='bbox 1033 1361 1106 1399; x_wconf 91' lang='lat' dir='ltr'>sub</span> <span class='ocrx_word' id='word_1_119' title='bbox 1136 1362 1219 1410; x_wconf 91' lang='lat' dir='ltr'>ipsa</span> <span class='ocrx_word' id='word_1_120' title='bbox 1410 1378 1474 1409; x_wconf 82' lang='lat'>490</span> 
     </span>
     <span class='ocr_line' id='line_1_19' title="bbox 150 1431 1337 1481; baseline 0.001 -14"><span class='ocrx_word' id='word_1_121' title='bbox 150 1431 358 1469; x_wconf 90' lang='lat' dir='ltr'>immemor</span> <span class='ocrx_word' id='word_1_122' title='bbox 386 1431 464 1469; x_wconf 90' lang='lat' dir='ltr'>heu</span> <span class='ocrx_word' id='word_1_123' title='bbox 493 1432 698 1481; x_wconf 87' lang='lat' dir='ltr'>victusque</span> <span class='ocrx_word' id='word_1_124' title='bbox 726 1432 846 1469; x_wconf 88' lang='lat' dir='ltr'>animi</span> <span class='ocrx_word' id='word_1_125' title='bbox 877 1433 1055 1481; x_wconf 85' lang='lat' dir='ltr'>respexit.</span> <span class='ocrx_word' id='word_1_126' title='bbox 1117 1432 1177 1470; x_wconf 91' lang='lat' dir='ltr'>Ibi</span> <span class='ocrx_word' id='word_1_127' title='bbox 1209 1433 1337 1470; x_wconf 86' lang='lat' dir='ltr'>omnis</span> 
     </span>
     <span class='ocr_line' id='line_1_20' title="bbox 150 1501 1095 1552; baseline 0.001 -13"><span class='ocrx_word' id='word_1_128' title='bbox 150 1503 295 1539; x_wconf 86' lang='lat' dir='ltr'>effusus</span> <span class='ocrx_word' id='word_1_129' title='bbox 324 1501 435 1539; x_wconf 90' lang='lat' dir='ltr'>labor</span> <span class='ocrx_word' id='word_1_130' title='bbox 463 1509 581 1551; x_wconf 87' lang='lat' dir='ltr'>atque</span> <span class='ocrx_word' id='word_1_131' title='bbox 612 1503 771 1540; x_wconf 89' lang='lat' dir='ltr'>immitis</span> <span class='ocrx_word' id='word_1_132' title='bbox 801 1510 913 1552; x_wconf 89' lang='lat' dir='ltr'>rupta</span> <span class='ocrx_word' id='word_1_133' title='bbox 941 1504 1095 1552; x_wconf 88' lang='lat' dir='ltr'>tyranni</span> 
     </span>
    </p>

    <p class='ocr_par' dir='ltr' id='par_1_12' title="bbox 149 1571 1173 1622">
     <span class='ocr_line' id='line_1_21' title="bbox 149 1571 1173 1622; baseline 0.001 -13"><span class='ocrx_word' id='word_1_134' title='bbox 149 1571 308 1609; x_wconf 84' lang='lat' dir='ltr'>foedera</span> <span class='ocrx_word' id='word_1_135' title='bbox 336 1572 473 1620; x_wconf 88' lang='lat' dir='ltr'>terque</span> <span class='ocrx_word' id='word_1_136' title='bbox 502 1573 628 1622; x_wconf 86' lang='lat' dir='ltr'>fragor</span> <span class='ocrx_word' id='word_1_137' title='bbox 656 1573 802 1622; x_wconf 89' lang='lat' dir='ltr'>stagnis</span> <span class='ocrx_word' id='word_1_138' title='bbox 830 1573 987 1611; x_wconf 89' lang='lat' dir='ltr'>auditus</span> <span class='ocrx_word' id='word_1_139' title='bbox 1016 1573 1173 1611; x_wconf 86' lang='lat' dir='ltr'>Averni.</span> 
     </span>
    </p>

    <p class='ocr_par' dir='ltr' id='par_1_13' title="bbox 150 1642 1474 1833">
     <span class='ocr_line' id='line_1_22' title="bbox 151 1642 1472 1692; baseline 0.002 -12"><span class='ocrx_word' id='word_1_140' title='bbox 151 1642 224 1680; x_wconf 91' lang='lat' dir='ltr'>Illa</span> <span class='ocrx_word' id='word_1_141' title='bbox 246 1643 384 1690; x_wconf 88' lang='lat' dir='ltr'>“Quis</span> <span class='ocrx_word' id='word_1_142' title='bbox 406 1650 444 1680; x_wconf 89' lang='lat' dir='ltr'>et</span> <span class='ocrx_word' id='word_1_143' title='bbox 464 1655 528 1681; x_wconf 90' lang='lat' dir='ltr'>me</span> <span class='ocrx_word' id='word_1_144' title='bbox 542 1643 560 1659; x_wconf 86' lang='lat'>&#39;&#39;</span> <span class='ocrx_word' id='word_1_145' title='bbox 582 1643 708 1692; x_wconf 90' lang='lat' dir='ltr'>inquit</span> <span class='ocrx_word' id='word_1_146' title='bbox 731 1645 751 1662; x_wconf 90' lang='lat'><strong>“</strong></span> <span class='ocrx_word' id='word_1_147' title='bbox 765 1644 946 1681; x_wconf 88' lang='lat' dir='ltr'>miseram</span> <span class='ocrx_word' id='word_1_148' title='bbox 968 1650 1006 1681; x_wconf 88' lang='lat' dir='ltr'>et</span> <span class='ocrx_word' id='word_1_149' title='bbox 1027 1651 1065 1682; x_wconf 90' lang='lat' dir='ltr'>te</span> <span class='ocrx_word' id='word_1_150' title='bbox 1093 1644 1274 1692; x_wconf 90' lang='lat' dir='ltr'>perdidit,</span> <span class='ocrx_word' id='word_1_151' title='bbox 1297 1643 1472 1692; x_wconf 80' lang='lat' dir='ltr'>orphen,</span> 
     </span>
     <span class='ocr_line' id='line_1_23' title="bbox 150 1713 1474 1762; baseline 0.002 -13"><span class='ocrx_word' id='word_1_152' title='bbox 150 1713 236 1761; x_wconf 89' lang='lat' dir='ltr'>quis</span> <span class='ocrx_word' id='word_1_153' title='bbox 266 1720 397 1750; x_wconf 88' lang='lat' dir='ltr'>tantus</span> <span class='ocrx_word' id='word_1_154' title='bbox 435 1714 571 1751; x_wconf 85' lang='lat' dir='ltr'>furor?</span> <span class='ocrx_word' id='word_1_155' title='bbox 627 1715 689 1751; x_wconf 92' lang='lat' dir='ltr'>En</span> <span class='ocrx_word' id='word_1_156' title='bbox 720 1714 858 1752; x_wconf 89' lang='lat' dir='ltr'>iterum</span> <span class='ocrx_word' id='word_1_157' title='bbox 889 1714 1062 1752; x_wconf 88' lang='lat' dir='ltr'>crudelia</span> <span class='ocrx_word' id='word_1_158' title='bbox 1091 1722 1193 1752; x_wconf 90' lang='lat' dir='ltr'>retro</span> <span class='ocrx_word' id='word_1_159' title='bbox 1411 1732 1474 1762; x_wconf 79' lang='lat'>495</span> 
     </span>
     <span class='ocr_line' id='line_1_24' title="bbox 150 1784 1244 1833; baseline 0.002 -13"><span class='ocrx_word' id='word_1_160' title='bbox 150 1784 228 1821; x_wconf 88' lang='lat' dir='ltr'>fata</span> <span class='ocrx_word' id='word_1_161' title='bbox 256 1791 410 1830; x_wconf 85' lang='lat' dir='ltr'>vocant,</span> <span class='ocrx_word' id='word_1_162' title='bbox 442 1785 659 1833; x_wconf 87' lang='lat' dir='ltr'>conditque</span> <span class='ocrx_word' id='word_1_163' title='bbox 689 1786 863 1822; x_wconf 90' lang='lat' dir='ltr'>natantia</span> <span class='ocrx_word' id='word_1_164' title='bbox 892 1785 1041 1822; x_wconf 90' lang='lat' dir='ltr'>lumina</span> <span class='ocrx_word' id='word_1_165' title='bbox 1070 1797 1244 1823; x_wconf 89' lang='lat' dir='ltr'>somnus.</span> 
     </span>
    </p>

    <p class='ocr_par' dir='ltr' id='par_1_14' title="bbox 150 1854 1270 1975">
     <span class='ocr_line' id='line_1_25' title="bbox 151 1854 1187 1905; baseline 0.003 -14"><span class='ocrx_word' id='word_1_166' title='bbox 151 1854 316 1903; x_wconf 87' lang='lat' dir='ltr'>Iamque</span> <span class='ocrx_word' id='word_1_167' title='bbox 345 1855 453 1892; x_wconf 88' lang='lat' dir='ltr'>vale:</span> <span class='ocrx_word' id='word_1_168' title='bbox 492 1855 593 1892; x_wconf 89' lang='lat' dir='ltr'>feror</span> <span class='ocrx_word' id='word_1_169' title='bbox 622 1856 770 1905; x_wconf 87' lang='lat' dir='ltr'>ingenti</span> <span class='ocrx_word' id='word_1_170' title='bbox 800 1856 1040 1893; x_wconf 89' lang='lat' dir='ltr'>circumdata</span> <span class='ocrx_word' id='word_1_171' title='bbox 1070 1863 1187 1894; x_wconf 91' lang='lat' dir='ltr'>nocte</span> 
     </span>
     <span class='ocr_line' id='line_1_26' title="bbox 150 1923 1270 1975; baseline 0.004 -15"><span class='ocrx_word' id='word_1_172' title='bbox 150 1923 421 1973; x_wconf 88' lang='lat' dir='ltr'>invalidasque</span> <span class='ocrx_word' id='word_1_173' title='bbox 449 1925 521 1963; x_wconf 91' lang='lat' dir='ltr'>tibi</span> <span class='ocrx_word' id='word_1_174' title='bbox 549 1926 728 1973; x_wconf 89' lang='lat' dir='ltr'>tendens,</span> <span class='ocrx_word' id='word_1_175' title='bbox 761 1926 839 1964; x_wconf 93' lang='lat' dir='ltr'>heu</span> <span class='ocrx_word' id='word_1_176' title='bbox 869 1939 949 1963; x_wconf 91' lang='lat' dir='ltr'>non</span> <span class='ocrx_word' id='word_1_177' title='bbox 981 1933 1057 1973; x_wconf 89' lang='lat' dir='ltr'>tua,</span> <span class='ocrx_word' id='word_1_178' title='bbox 1086 1927 1270 1975; x_wconf 84' lang='lat' dir='ltr'>palmas.&#39;&#39;</span> 
     </span>
    </p>

    <p class='ocr_par' dir='ltr' id='par_1_15' title="bbox 152 1995 1202 2042">
     <span class='ocr_line' id='line_1_27' title="bbox 152 1995 1202 2042; baseline 0.003 -10"><span class='ocrx_word' id='word_1_179' title='bbox 152 1995 270 2042; x_wconf 88' lang='lat' dir='ltr'>Dixit,</span> <span class='ocrx_word' id='word_1_180' title='bbox 302 2003 340 2033; x_wconf 90' lang='lat' dir='ltr'>et</span> <span class='ocrx_word' id='word_1_181' title='bbox 369 2008 415 2034; x_wconf 86' lang='lat' dir='ltr'>ex</span> <span class='ocrx_word' id='word_1_182' title='bbox 445 1996 568 2034; x_wconf 89' lang='lat' dir='ltr'>oculis</span> <span class='ocrx_word' id='word_1_183' title='bbox 598 1996 730 2034; x_wconf 89' lang='lat' dir='ltr'>subito</span> <span class='ocrx_word' id='word_1_184' title='bbox 758 2009 830 2034; x_wconf 91' lang='lat' dir='ltr'>ceu</span> <span class='ocrx_word' id='word_1_185' title='bbox 862 1997 991 2035; x_wconf 89' lang='lat' dir='ltr'>fumus</span> <span class='ocrx_word' id='word_1_186' title='bbox 1021 1998 1060 2034; x_wconf 90' lang='lat' dir='ltr'>in</span> <span class='ocrx_word' id='word_1_187' title='bbox 1090 2010 1202 2035; x_wconf 87' lang='lat' dir='ltr'>auras</span> 
     </span>
    </p>

    <p class='ocr_par' dir='ltr' id='par_1_16' title="bbox 151 2066 1475 2187">
     <span class='ocr_line' id='line_1_28' title="bbox 151 2066 1475 2117; baseline 0.003 -15"><span class='ocrx_word' id='word_1_188' title='bbox 151 2066 386 2104; x_wconf 85' lang='lat' dir='ltr'>commixtus</span> <span class='ocrx_word' id='word_1_189' title='bbox 414 2073 553 2104; x_wconf 91' lang='lat' dir='ltr'>tenues</span> <span class='ocrx_word' id='word_1_190' title='bbox 583 2067 679 2116; x_wconf 87' lang='lat' dir='ltr'>fugit</span> <span class='ocrx_word' id='word_1_191' title='bbox 709 2067 871 2117; x_wconf 71' lang='lat' dir='ltr'>diversa,</span> <span class='ocrx_word' id='word_1_192' title='bbox 904 2080 1034 2117; x_wconf 90' lang='lat' dir='ltr'>neque</span> <span class='ocrx_word' id='word_1_193' title='bbox 1063 2068 1172 2105; x_wconf 90' lang='lat' dir='ltr'>illum</span> <span class='ocrx_word' id='word_1_194' title='bbox 1413 2085 1475 2116; x_wconf 83' lang='lat'>500</span> 
     </span>
     <span class='ocr_line' id='line_1_29' title="bbox 152 2138 1312 2187; baseline 0.003 -14"><span class='ocrx_word' id='word_1_195' title='bbox 152 2144 402 2184; x_wconf 84' lang='lat' dir='ltr'>prensantem</span> <span class='ocrx_word' id='word_1_196' title='bbox 433 2138 673 2187; x_wconf 86' lang='lat' dir='ltr'>nequiquam</span> <span class='ocrx_word' id='word_1_197' title='bbox 703 2138 862 2175; x_wconf 91' lang='lat' dir='ltr'>umbras</span> <span class='ocrx_word' id='word_1_198' title='bbox 894 2146 931 2176; x_wconf 89' lang='lat' dir='ltr'>et</span> <span class='ocrx_word' id='word_1_199' title='bbox 961 2139 1084 2176; x_wconf 85' lang='lat' dir='ltr'>multa</span> <span class='ocrx_word' id='word_1_200' title='bbox 1114 2139 1312 2177; x_wconf 89' lang='lat' dir='ltr'>volentem</span> 
     </span>
    </p>

    <p class='ocr_par' dir='ltr' id='par_1_17' title="bbox 152 2206 1087 2257">
     <span class='ocr_line' id='line_1_30' title="bbox 152 2206 1087 2257; baseline 0.004 -14"><span class='ocrx_word' id='word_1_201' title='bbox 152 2206 281 2245; x_wconf 91' lang='lat' dir='ltr'>dicere</span> <span class='ocrx_word' id='word_1_202' title='bbox 309 2215 509 2256; x_wconf 87' lang='lat' dir='ltr'>praeterea</span> <span class='ocrx_word' id='word_1_203' title='bbox 538 2209 634 2246; x_wconf 91' lang='lat' dir='ltr'>vidit</span> <span class='ocrx_word' id='word_1_204' title='bbox 649 2222 659 2256; x_wconf 92' lang='lat'>;</span> <span class='ocrx_word' id='word_1_205' title='bbox 699 2220 772 2246; x_wconf 88' lang='lat' dir='ltr'>nec</span> <span class='ocrx_word' id='word_1_206' title='bbox 801 2210 965 2257; x_wconf 90' lang='lat' dir='ltr'>portitor</span> <span class='ocrx_word' id='word_1_207' title='bbox 994 2209 1087 2247; x_wconf 89' lang='lat' dir='ltr'>Orci</span> 
     </span>
    </p>

    <p class='ocr_par' dir='ltr' id='par_1_18' title="bbox 153 2265 1130 2329">
     <span class='ocr_line' id='line_1_31' title="bbox 153 2265 1130 2329; baseline 0.005 -16"><span class='ocrx_word' id='word_1_208' title='bbox 153 2277 322 2326; x_wconf 91' lang='lat' dir='ltr'>amplius</span> <span class='ocrx_word' id='word_1_209' title='bbox 353 2277 547 2317; x_wconf 90' lang='lat' dir='ltr'>obiectam</span> <span class='ocrx_word' id='word_1_210' title='bbox 578 2291 715 2328; x_wconf 89' lang='lat' dir='ltr'>passus</span> <span class='ocrx_word' id='word_1_211' title='bbox 742 2265 906 2318; x_wconf 63' lang='lat' dir='ltr'>iransire</span> <span class='ocrx_word' id='word_1_212' title='bbox 934 2280 1130 2329; x_wconf 89' lang='lat' dir='ltr'>paludem.</span> 
     </span>
    </p>
   </div>
  </div>
 </body>
</html>
