1674 2532
154 136 212 174 44
693 132 819 164 GEOR
827 133 952 164 GJCA.

157 238 263 275 Ecce
291 244 423 276 autem
453 238 553 275 duro
582 237 738 275 fumans
769 237 842 275 sub
871 250 1029 276 vomere
1058 244 1190 275 taurus
1422 252 1483 284 515

155 309 329 346 concidit
358 315 396 346 et
425 309 590 346 mixtum
620 308 770 357 spumis
800 309 921 345 vomit
951 321 1018 346 ore
1046 321 1225 346 cruorem

156 387 430 429 extremosque
459 379 535 417 ciet
563 379 742 428 gemitus.
804 379 840 416 It
869 379 987 416 tristis
1016 387 1143 417 arator

156 457 395 488 maerentem
426 449 645 499 abiungens
675 450 842 487 fraterna
871 456 996 487 morte
1026 450 1247 496 iuvencum,

154 528 273 570 atque
303 533 421 570 opere
450 521 490 557 in
520 521 653 558 medio
684 520 812 557 defixa
840 520 996 568 reliquit
1024 527 1160 557 aratra.

158 592 249 630 Non
281 591 443 629 umbrae
472 592 639 628 altorum
670 603 889 637 nemorum,
922 603 1002 628 non
1033 591 1165 628 mollia
1195 597 1360 639 possunt
1423 605 1485 637 520

155 670 263 711 prata
293 674 451 700 movere
481 662 669 708 animum,
702 674 782 698 non
813 661 881 710 qui
909 673 978 709 per
1007 674 1098 699 saxa
1127 662 1283 699 volutus

154 734 286 783 purior
315 734 460 771 electro
490 745 676 781 eampum
706 732 802 780 petit
832 732 986 779 amnis;
1023 739 1062 769 at
1092 731 1170 769 ima

155 805 359 842 solvuntur
387 804 517 850 latera,
549 810 669 852 atque
699 803 835 840 oculos
865 809 1002 851 stupor
1030 809 1140 851 urget
1170 802 1324 849 inertes,

154 876 205 913 ad
234 882 456 924 terramque
486 874 571 911 fluit
601 874 752 912 devexo
783 873 960 922 pondere
989 873 1128 910 cervix.

156 947 265 996 Quid
286 945 396 984 labor
416 952 482 983 aut
503 945 710 982 benefacta
731 944 897 981 iuvant?
954 944 1051 993 quid
1071 955 1230 981 vomere
1253 950 1373 981 terras
1423 959 1485 991 5²5

157 1018 359 1055 invertisse
388 1016 555 1066 graves?
610 1015 733 1064 Atqui
764 1027 844 1052 non
877 1015 1048 1052 Massica
1078 1014 1223 1052 Bacchi

155 1100 331 1135 munera,
364 1100 445 1125 non
476 1086 550 1124 illis
580 1087 719 1135 epulae
749 1098 920 1123 nocuere
948 1092 1152 1134 repostae:

155 1158 362 1197 frondibus
392 1165 430 1196 et
459 1158 564 1195 victu
593 1164 807 1206 pascuntur
837 1157 1024 1205 simplicis
1054 1155 1211 1204 herbae,

157 1230 299 1280 pocula
327 1236 419 1267 sunt
449 1229 578 1266 fontes
609 1228 749 1277 liquidi
778 1235 897 1277 atque
927 1227 1096 1265 exercita
1125 1240 1240 1265 cursu

156 1301 329 1347 flumina,
361 1312 435 1337 nec
465 1312 626 1337 somnos
655 1298 854 1347 abrumpit
883 1311 975 1336 cura
1005 1298 1191 1336 salubres.
1425 1313 1489 1346 530

157 1374 355 1421 Tempore
385 1383 466 1408 non
496 1370 573 1408 alio
603 1370 741 1408 dicunt
771 1369 998 1419 regionibus
1028 1370 1102 1407 illis

156 1436 352 1492 quaesitas
381 1443 433 1479 ad
462 1454 570 1479 sacra
599 1440 720 1478 boves
752 1441 918 1478 Iunonis
948 1448 986 1478 et
1015 1441 1093 1478 uris

157 1512 373 1562 imparibus
393 1512 545 1567 >ductos
573 1512 651 1549 alta
680 1511 731 1549 ad
760 1511 923 1549 donaria
951 1524 1095 1550 currus.

159 1584 263 1633 Ergo
292 1595 406 1632 aegre
436 1582 565 1620 rastris
596 1589 736 1620 terram
767 1582 968 1629 rimantur,
1001 1589 1038 1620 et
1068 1583 1161 1631 ipsis

157 1654 355 1704 unguibus
385 1653 584 1691 infodiunt
613 1653 751 1702 fruges,
784 1659 1019 1702 montesque
1048 1666 1117 1702 per
1145 1655 1244 1692 altos
1426 1669 1489 1702 535

157 1732 346 1763 contenta
375 1724 526 1762 cervice
556 1724 714 1761 trahunt
744 1724 948 1761 stridentia
977 1724 1159 1772 plaustra.

160 1797 252 1834 Non
282 1796 397 1844 lupus
427 1795 588 1832 insidias
619 1795 793 1843 explorat
823 1795 939 1832 ovilia
967 1795 1115 1832 circum

159 1879 232 1905 nec
261 1866 443 1916 gregibus
473 1872 691 1903 nocturnus
722 1864 976 1903 obambulat:
1014 1866 1139 1904 aerior
1169 1866 1278 1903 illum

158 1950 251 1975 cura
279 1938 442 1984 domat3
481 1937 608 1974 timidi
638 1937 822 1974 dammae
851 1937 1033 1986 cervique
1062 1938 1220 1987 fugaces

159 2021 265 2046 nunc
295 2009 475 2057 interque
504 2020 622 2045 canes
652 2016 690 2045 et
719 2008 867 2044 circum
897 2014 1001 2045 tecta
1029 2015 1229 2058 vagantur.
1425 2025 1490 2057 540

161 2081 247 2117 Iam
278 2079 393 2116 maris
424 2079 605 2116 immensi
637 2079 788 2128 prolem
818 2086 856 2116 et
885 2091 1008 2128 genus
1038 2091 1157 2116 omne
1186 2086 1393 2118 natantum

159 2151 271 2188 litore
301 2151 339 2187 in
371 2157 545 2188 extremo
574 2162 645 2187 ceu
677 2150 863 2198 naufraga
893 2162 1058 2198 corpora
1088 2151 1228 2189 fluctus

161 2222 332 2271 proluit3
371 2222 551 2259 insolitae
582 2221 735 2270 fugiunt
766 2221 805 2258 in
836 2221 998 2258 flumina
1026 2221 1189 2269 phocae.

164 2292 301 2330 Interit
332 2299 369 2330 et
400 2292 526 2330 curvis
557 2292 695 2329 frustra
725 2292 886 2330 defensa
916 2292 1074 2331 latebris
