1674 2532
173 119 227 172 58
371 150 373 154 .
713 124 776 156 GE
782 124 841 156 Θῆ
849 124 974 156 GJCA.

175 234 347 270 invisum
380 233 466 270 fatis
497 231 697 281 genuisti?
739 237 807 269 aut
838 243 918 280 quo
947 229 1019 267 tibi
1050 229 1172 267 nostri

181 305 317 353 pulsus
347 305 490 341 amor?
530 303 627 352 quid
656 314 719 340 me
750 301 904 339 caelum
934 312 1087 349 sperare
1117 299 1314 337 iubebas?

174 377 236 413 En
267 377 385 414 etiam
415 376 522 412 hunc
552 375 681 423 ipsum
712 373 814 410 vitae
844 371 1018 409 mortalis
1048 371 1251 417 honorem,

172 458 292 495 quem
322 446 418 483 mihi
448 446 510 482 vix
539 445 694 493 frugum
725 450 763 481 et
793 442 992 491 pecudum
1021 441 1201 478 custodia
1231 441 1364 478 sollers

172 518 306 555 omnia
336 516 502 554 tentanti
533 515 747 560 extuderat,
778 521 817 551 te
847 520 970 550 matre
998 512 1189 560 relinquo

173 588 282 636 Quin
313 599 383 636 age
413 594 452 624 et
481 586 565 635 ipsa
595 597 715 622 manu
746 584 878 622 felices
908 595 1000 621 erue
1031 583 1156 628 silvas,

173 658 228 695 fer
257 656 420 694 stabulis
450 656 655 692 inimicum
686 655 816 704 ignem
845 660 966 702 atque
996 652 1172 690 interfice
1201 663 1360 698 messes,

173 740 241 765 ure
271 734 364 779 sata,
397 734 435 765 et
465 727 605 764 duram
635 725 675 762 in
704 725 803 762 vites
834 724 972 771 molire
1000 723 1229 772 bipennem,

173 805 281 836 tanta
311 810 423 835 meae
452 797 483 834 si
514 804 552 834 te
582 802 771 845 ceperunt
801 795 930 844 taedia
959 793 1112 832 laudis.’

175 870 227 906 At
257 875 381 906 mater
411 868 586 906 sonitum
616 867 791 905 thalamo
821 865 896 904 sub
927 865 1100 902 fluminis
1130 864 1197 901 alti

175 939 306 977 sensit.
367 939 467 976 Eam
497 938 645 976 circum
678 937 834 974 Milesia
863 937 1007 974 vellera
1038 935 1248 985 Nymphae

174 1010 389 1059 carpebant
419 1010 521 1063 hyali
552 1015 683 1058 saturo
712 1008 841 1046 fucata
870 1008 1012 1059 colore,

178 1083 408 1130 Drymoque
438 1080 681 1128 Xanthoque
712 1079 911 1128 Ligeaque
941 1075 1274 1126 Phyllodoceque,

176 1152 389 1189 caesariem
421 1152 568 1189 effusae
599 1150 766 1188 nitidam
797 1161 866 1198 per
895 1148 1066 1186 candida
1094 1148 1206 1194 colla,

178 1220 351 1273 [Nesaee
381 1222 554 1271 Spioque
584 1221 804 1270 Thaliaque
835 1216 1163 1269 Cymodoceque]

178 1293 440 1342 Cydippeque
470 1300 508 1331 et
538 1293 635 1329 flava
668 1291 863 1341 Lycorias,
894 1291 1015 1328 altera
1045 1290 1163 1339 virgo,

172 1365 298 1420 ‘altera
327 1372 410 1401 tum
441 1364 587 1412 primos
620 1363 794 1400 Lucinae
824 1368 982 1410 experta
1011 1360 1176 1406 labores,

180 1434 349 1483 Clioque
380 1441 418 1472 et
449 1435 576 1472 Beroe
606 1445 724 1479 soror,
757 1425 1013 1470 Oceanitides
1041 1430 1194 1477 ambae,

180 1504 321 1542 ambae
351 1517 457 1551 auro,
490 1504 603 1554 pictis
634 1504 830 1553 incinctae
860 1500 1028 1552 pellibus
1057 1500 1209 1547 ambae,

180 1583 299 1624 atque
330 1574 488 1624 Ephyre
516 1580 635 1624 'atque
666 1574 764 1623 Opis
795 1580 832 1611 et
862 1573 957 1610 Asia
988 1574 1167 1621 Deiopea

182 1654 219 1684 et
250 1647 412 1684 tandem
442 1646 579 1695 positis
609 1645 722 1683 velox
751 1644 947 1682 Arethusa
977 1642 1136 1692 sagittis.

184 1719 292 1756 Inter
321 1730 419 1766 quas
449 1729 582 1754 curam
613 1716 806 1765 Clymene
836 1713 1017 1751 narrabat
1046 1713 1205 1750 inanem

183 1789 364 1836 Volcani,
398 1788 618 1836 Martisque
647 1787 762 1824 dolos
791 1792 829 1824 et
859 1785 990 1823 dulcia
1019 1784 1131 1831 furta,

181 1871 285 1908 aque
316 1859 429 1897 Chao
460 1858 606 1896 densos
636 1857 772 1895 divum
802 1854 1035 1893 numerabat
1064 1866 1230 1891 amores.

184 1930 371 1969 Carmine
401 1942 480 1979 quo
510 1935 648 1984 captae
678 1928 775 1965 dum
805 1926 899 1964 fusis
928 1925 1062 1963 mollia
1091 1937 1215 1974 pensa

183 2001 409 2047 devolvunt,
442 2000 583 2038 iterum
613 2006 808 2036 maternas
838 1997 992 2046 impulit
1021 2008 1133 2034 aures

183 2073 310 2109 luctus
341 2071 520 2117 Aristaei,
553 2070 764 2119 vitreisque
794 2067 983 2106 sedilibus
1013 2079 1152 2105 omnes

184 2142 452 2191 obstupuere3
491 2141 561 2179 sed
591 2147 683 2178 ante
712 2140 807 2178 alias
836 2139 1031 2176 Arethusa
1061 2148 1215 2174 sorores

185 2213 427 2262 prospiciens
458 2225 613 2250 summa
643 2212 788 2249 flavum
818 2216 935 2258 caput
964 2208 1101 2247 extulit
1130 2207 1249 2253 unda,

184 2290 222 2321 et
253 2283 416 2333 procul:
459 2285 467 2301 ‘
485 2283 521 2322 O
551 2282 698 2332 gemitu
730 2294 810 2319 non
840 2281 980 2318 frustra
1009 2278 1189 2317 exterrita
1217 2283 1328 2315 tanto

1440 312 1500 343 325

1441 666 1504 697 330

1446 1019 1508 1052 335

1448 1373 1512 1404 340

1449 1726 1514 1758 345

1454 2079 1518 2112 350
