1674 2532
545 138 696 170 LIBER
727 138 801 169 [Π.
862 140 1074 183 344-401·
1267 188 1277 198 ·
1416 140 1469 183 39

153 246 374 284 comminus
403 244 639 282 obtruncant
667 244 778 290 ferro,
809 244 1053 292 graviterque
1083 242 1267 279 rudentes

153 317 334 362 caedunt,
366 322 403 353 et
432 327 575 364 magno
604 315 693 352 laeti
722 315 893 352 clamore
922 319 1130 362 reportant.
1409 327 1470 360 375

155 388 235 436 Ipsi
265 387 304 423 in
333 386 497 424 defossis
526 385 722 434 specubus
752 397 885 422 secura
914 384 988 421 sub
1017 385 1093 421 alta

153 458 231 495 otia
259 464 378 506 agunt
406 463 515 503 terra,
547 462 812 505 congestaque
841 454 981 492 robora
1010 460 1189 503 totasque

151 527 358 565 advolvere
386 527 482 564 focis
511 527 639 563 ulmos
668 526 826 575 ignique
855 525 1008 563 dedere.

155 598 235 634 Hic
264 604 422 634 noctem
451 597 545 634 ludo
575 597 736 642 ducunt,
768 603 805 634 et
834 596 975 644 pocula
1004 595 1093 632 laeti

153 669 345 706 fermento
375 675 492 716 atque
521 667 643 705 acidis
672 667 871 704 imitantur
900 666 1001 703 vitea
1030 665 1165 703 sorbis.
1409 671 1472 710 380

154 739 261 776 Talis
293 737 552 787 Hyperboreo
582 744 733 786 septem
763 736 938 775 subiecta
967 737 1083 774 trioni

152 821 247 858 gens
277 810 421 846 effrena
449 809 573 845 virum
604 808 784 856 Rhipaeo
813 808 989 845 tunditur
1019 808 1136 853 Euro,

152 886 191 917 et
220 879 416 928 pecudum
447 879 560 915 fulvis
590 879 737 916 velatur
765 890 928 928 corpora
957 878 1083 916 saetis.

155 1001 311 1049 384—40
315 1013 349 1048 3.
391 1000 588 1048 Breedt'ng
602 999 650 1048 of
664 1000 770 1048 sheep
789 1001 872 1037 and
881 1004 995 1047 geals
1009 999 1080 1048 for
1101 1000 1202 1037 wool
1215 1012 1261 1036 or
1271 998 1345 1047 for
1370 999 1472 1036 milk.

208 1088 247 1125 Si
277 1087 346 1125 tibi
377 1087 555 1124 lanitium
584 1099 709 1134 curae,
742 1088 912 1136 primum
941 1100 1077 1136 aspera
1107 1088 1202 1125 silva

155 1159 373 1207 lappaeque
403 1157 611 1207 tribolique
639 1157 769 1195 absint
784 1172 794 1205 3
831 1158 921 1207 fuge
950 1158 1095 1207 pabula
1125 1158 1236 1203 laeta,
1416 1163 1475 1204 385

155 1229 425 1277 continuoque
453 1240 588 1277 greges
617 1228 716 1265 villis
746 1228 830 1277 lege
860 1227 1046 1265 mollibus
1075 1227 1197 1265 albos.

157 1299 274 1336 Illum
302 1306 445 1345 autem,
477 1299 654 1347 quamvis
683 1299 782 1336 aries
811 1298 858 1336 sit
889 1299 1080 1336 candidus
1111 1299 1203 1347 ipse,

156 1370 262 1418 nigra
291 1369 425 1406 subest
455 1369 535 1406 udo
565 1376 718 1406 tantum
747 1369 810 1406 cui
839 1369 971 1418 lingua
1006 1369 1148 1417 palato,

156 1441 281 1487 refice,
314 1452 363 1478 ne
393 1440 555 1477 maculis
585 1439 751 1477 infuscet
780 1440 922 1477 vellera
953 1440 1068 1488 pullis

157 1519 399 1557 nascentum,
430 1511 628 1559 plenoque
657 1511 776 1547 alium
806 1511 1064 1559 circumspice
1093 1522 1246 1559 campo.
1416 1525 1478 1558 390

158 1583 326 1620 Munere
355 1582 409 1619 sic
439 1582 554 1619 niveo
583 1582 705 1628 lanae,
737 1582 768 1618 si
798 1581 956 1618 credere
985 1581 1148 1630 dignum
1178 1588 1246 1626 est,

157 1655 239 1690 Pan
269 1653 366 1690 deus
397 1653 589 1690 Arcadiae
618 1659 773 1701 captam
802 1658 850 1698 te,
884 1653 1007 1698 Luna,
1040 1651 1173 1689 fefellit

156 1725 195 1761 in
225 1736 386 1761 nemora
415 1723 491 1760 alta
521 1735 665 1760 vocans
681 1737 691 1770 3
729 1735 803 1760 nec
832 1729 873 1760 tu
903 1729 1108 1771 aspernata
1136 1728 1355 1759 vocantem.

157 1797 219 1841 At,
252 1795 314 1832 cui
343 1795 453 1832 lactis
482 1807 602 1841 amor,
635 1794 801 1843 cytisum
831 1794 1012 1842 lotosque
1040 1793 1263 1842 frequentes

157 1867 239 1915 ipse
268 1878 388 1903 manu
418 1865 617 1914 salsasque
645 1864 741 1902 ferat
771 1863 1024 1913 praesepibus
1054 1863 1205 1901 herbas.
1416 1878 1476 1910 395

159 1937 267 1974 Hinc
297 1943 335 1974 et
363 1942 497 1973 amant
527 1935 665 1973 fluvios
694 1935 827 1984 magis,
860 1942 898 1972 et
927 1935 1049 1983 magis
1079 1934 1201 1971 ubera
1229 1934 1409 1980 tendunt,

156 2014 194 2045 et
224 2007 314 2045 salis
343 2007 542 2044 occultum
571 2006 743 2044 referunt
772 2006 812 2042 in
841 2006 941 2043 lacte
970 2017 1160 2054 saporem,

158 2078 270 2115 multi
299 2078 416 2115 etiam
446 2084 621 2115 excretos
649 2076 859 2125 prohibent
888 2088 910 2113 a
939 2075 1127 2113 matribus
1156 2076 1316 2121 haedos,

157 2149 361 2197 primaque
390 2148 538 2185 ferratis
567 2147 785 2196 praefigunt
814 2159 881 2184 ora
910 2147 1097 2195 capistris.

158 2219 280 2267 Quod
309 2225 490 2268 surgente
519 2218 584 2256 die
612 2218 780 2256 mulsere
809 2218 993 2267 horisque
1023 2218 1182 2265 diurnis,
1414 2233 1478 2264 400

158 2296 275 2328 nocte
303 2296 486 2339 premunt
501 2303 511 2337 3
549 2289 658 2339 quod
687 2289 764 2326 iam
793 2288 964 2327 tenebris
995 2295 1032 2327 et
1061 2289 1143 2327 sole
1172 2289 1350 2334 cadente,
