1674 2532
175 105 229 151 6'0
711 117 836 150 GEOR
845 117 968 150 GJCA.

175 226 253 262 Ter
282 224 435 274 liquido
463 224 668 262 ardentem
698 223 898 273 perfundit
927 229 1084 260 nectare
1104 222 1278 281 Vestam,
1350 232 1378 265 κζ
1480 244 1481 247 =
1518 208 1571 258 f]

173 302 231 333 ter
260 295 417 332 flamma
446 295 498 332 ad
527 307 727 349 summum
755 294 848 332 tecti
878 292 1055 343 subiecta
1083 292 1221 342 reluxit
1265 305 1277 325 τ

174 366 319 403 Omine
349 378 429 415 quo
459 350 825 423 firmans‘na‘n'i‘mum
855 364 910 402 sic
939 363 1076 412 incipit
1105 363 1214 412 ipsa:

229 439 238 454 ‘
255 436 325 473 Est
355 436 395 472 in
425 435 639 484 Carpathio
671 435 847 483 Neptuni
875 434 1025 483 gurgite
1052 440 1160 493 vataees

172 508 374 545 caeruleus
405 509 581 552 Proteus,
612 518 802 558 magnum
832 505 899 554 qui
929 503 1102 553 piscibus
1131 515 1281 552 aequor

173 585 211 615 et
240 578 377 615 iuncto
407 577 599 626 bipedum
618 575 743 625 curru
773 576 931 619 metitur
960 587 1165 624 equorum.

174 649 254 686 Hic
284 661 390 686 nunc
421 647 629 696 Emathiae
658 654 794 696 portus
824 646 1070 695 patriamque
1099 645 1230 683 revisit

174 720 386 766 Pallenen3
425 720 532 756 hunc
563 725 600 756 et
632 717 842 767 Nymphae
871 728 1103 755 veneramur
1134 722 1172 753 et
1201 715 1286 764 ipse

170 790 415 838 grandaevus
446 790 624 827 Nereus:
664 788 773 826 novit
802 799 975 836 namque
1004 786 1137 824 onmia
1166 794 1285 832 vates,

1380 329 1409 344 ¹«
1440 297 1502 337 385

1440 659 1504 692 390

1453 820 1461 852 s

172 873 273 909 quae
303 860 390 907 sint,
423 872 525 909 quae
554 858 708 906 fuerint,
741 870 842 908 quae
871 864 1156 907 moxgventura
1186 857 1387 908 trahantur
1403 870 1413 903 3
1432 858 1446 879 Γ

172 931 318 980 quippe
348 931 401 968 ita
432 930 621 978 Neptuno
651 929 777 966 visum
810 935 879 976 est,
912 928 1100 965 immania
1129 927 1239 964 cuius

171 1007 349 1039 armenta
378 1008 417 1039 et
446 1008 578 1050 turpes
608 1000 732 1049 pascit
762 999 835 1037 sub
864 999 1014 1048 gurgite
1044 999 1204 1047 phocas.

175 1073 256 1109 Hic
284 1072 366 1119 tibi,
399 1078 500 1118 nate,
532 1071 638 1120 prius
667 1070 805 1108 vinclis
835 1070 1063 1119 capiendus,
1096 1076 1138 1107 ut
1168 1081 1329 1106 omnem

173 1143 355 1192 expediat
385 1141 513 1180 morbi
543 1154 714 1189 causam,
746 1148 991 1190 eventusque
1021 1140 1224 1194 secundet.
1252 1150 1254 1162 ³
1302 1157 1303 1160 ¹

175 1215 277 1251 Nam
308 1214 393 1251 sine
421 1213 458 1250 vi
489 1225 569 1250 non
600 1213 678 1249 ulla
707 1212 818 1250 dabit
847 1197 1066 1263 praecepta,
1099 1223 1229 1259 neque
1259 1211 1368 1247 illum

172 1284 323 1322 orando
354 1271 514 1339 flectes3
554 1284 633 1320 vim
663 1283 802 1351 duram
831 1289 870 1321 et
898 1283 1055 1320 vincula
1088 1289 1204 1331 capto
1293 1299 1299 1311 κ

173 1356 320 1407 tende3
341 1339 442 1404 doli
473 1355 621 1392 circum
651 1355 750 1392 haec
779 1354 943 1392 demum
973 1353 1202 1403 frangentur
1230 1353 1380 1390 inanes.

160 1421 267 1476 ⁴'Ipsa
295 1438 368 1475 ego
398 1433 447 1473 te,
479 1425 633 1463 medios
663 1438 754 1462 cum
785 1425 843 1462 sol
871 1423 1097 1462 accenderit
1126 1430 1268 1471 aestus,
1294 1446 1305 1451 -

173 1510 264 1535 ‹um
295 1497 431 1534 sitiunt
460 1495 605 1534 herbae
635 1503 673 1534 et
702 1496 835 1545 pecori
865 1495 942 1532 iam
971 1494 1115 1545 gratior
1144 1493 1283 1532 umbra
1313 1500 1382 1540 est,

174 1569 213 1604 in
243 1574 391 1616 secreta
421 1567 525 1604 senis
556 1567 711 1614 ducam,
744 1579 824 1616 quo
854 1567 979 1604 fessus
1009 1565 1059 1603 ab
1092 1565 1209 1603 undis

174 1651 214 1676 se
245 1638 391 1687 recipit,
423 1637 536 1676 facile
566 1644 609 1674 ut
640 1650 782 1676 somno
812 1637 1037 1687 aggrediare
1067 1637 1274 1674 iacentem.

175 1710 322 1746 Verum
352 1707 420 1745 ubi
450 1715 672 1757 correptum
702 1707 886 1745 manibus
916 1708 1134 1756 vinclisque
1163 1706 1327 1753 tenebis,

173 1788 257 1817 tum
287 1780 415 1817 variae
446 1780 608 1835 eiudent
639 1766 790 1828 species
819 1786 938 1828 atque
968 1791 1035 1816 ora
1064 1777 1244 1816 ferarum.

177 1851 259 1888 Fiet
290 1851 396 1888 enim
426 1849 557 1888 subito
587 1863 652 1888 sus
683 1850 864 1906 horridus
892 1857 1054 1904 atraque
1083 1849 1189 1898 tigris

174 1933 489 1970 squamosusque
519 1922 638 1959 draco
669 1928 706 1959 et
736 1921 841 1958 fulva
870 1921 1020 1959 cervice
1049 1920 1198 1966 leaena,

173 1999 239 2029 aut
268 2004 398 2037 acrem
429 1992 611 2030 flammae
641 1992 814 2030 sonitum
845 1991 956 2044 dabit
984 1998 1103 2040 atque
1133 1991 1185 2028 ita
1216 1989 1354 2027 vinclis

174 2062 339 2109 excidet,
371 2069 438 2100 aut
468 2063 507 2099 in
537 2076 660 2112 aquas
689 2070 828 2101 tenues
858 2063 1033 2112 dilapsus
1061 2060 1196 2099 abibit.
1236 2058 1240 2062 ’

173 2133 243 2170 sed
274 2140 423 2182 quanto
452 2134 516 2171 ille
546 2134 669 2183 magis
699 2134 844 2172 formas
874 2146 915 2171 se
944 2139 1066 2171 vertet
1096 2133 1136 2169 in
1167 2143 1319 2178 omnes,

174 2210 293 2250 tanto,
327 2211 430 2250 nate,
461 2205 583 2254 magis
614 2204 995 2259 contendextenacia
1023 2203 1162 2250 vincla,

173 2275 302 2312 donec
332 2275 418 2312 talis
449 2275 519 2313 erit
550 2282 701 2314 mutato
731 2288 905 2325 corpore,
937 2275 1095 2324 qualern

1442 1013 1502 1046 395

1440 1367 1506 1399 400

1441 1721 1505 1752 405

1439 2074 1504 2107 410
