1674 2532
151 132 203 173 26
689 135 815 168 GEOR
823 135 945 167 GJCA.

149 247 305 285 Cuncta
332 244 430 282 mihi
459 243 659 292 Alpheum
689 242 873 290 linquens
902 241 1093 288 lucosque
1124 238 1321 276 Molorchi

149 315 327 354 cursibus
357 322 395 353 et
425 314 548 352 crudo
577 313 764 351 decernet
794 311 960 349 Graecia
988 316 1134 347 caestu.

151 388 242 436 Ipse
270 393 389 435 caput
418 393 556 423 tonsae
585 383 688 421 foliis
717 389 878 420 ornatus
907 380 1033 418 olivae

148 458 255 495 dona
285 458 417 495 feram.
478 456 565 493 Iam
596 466 703 491 nunc
732 453 944 490 sollemnes
975 451 1120 488 ducere
1149 461 1316 498 pompas

148 520 198 566 ad
228 528 393 566 delubra
422 527 528 563 iuvat
558 535 775 572 caesosque
804 522 936 559 videre
966 521 1166 567 iuvencos,

148 601 208 638 vel
239 611 381 637 scaena
410 605 452 635 ut
481 596 601 634 versis
631 594 810 632 discedat
838 591 1034 630 frontibus
1064 598 1188 640 utque

149 682 344 720 purpurea
373 668 509 705 intexti
540 667 678 704 tollant
707 665 844 702 aulaea
874 662 1063 700 Britanni.

151 742 198 778 In
228 740 377 778 foribus
407 750 580 788 pugnam
610 749 657 774 ex
686 747 781 773 auro
811 734 1019 782 solidoque
1049 733 1262 782 elephanto

149 811 420 860 Gangaridum
449 809 590 846 faciam
620 806 858 855 victorisque
887 817 995 842 arma
1024 804 1192 852 Quirini,

148 890 266 932 atque
296 882 360 918 hic
390 880 608 918 undantem
638 877 744 915 bello
774 888 1042 925 magnumque
1072 875 1262 913 fluentem

151 954 287 991 Nilum
316 965 363 990 ac
393 951 521 989 navali
551 955 753 998 surgentes
783 959 872 985 aere
901 947 1117 984 columnas.

150 1024 309 1062 Addam
340 1021 456 1060 urbes
485 1021 605 1058 Asiae
635 1019 805 1057 domitas
835 1018 1073 1066 pulsumque
1103 1016 1308 1065 Niphaten

151 1095 422 1142 fidentemque
451 1092 543 1141 fuga
573 1090 761 1128 Parthum
792 1088 993 1136 versisque
1023 1087 1196 1136 sagitti53

151 1173 189 1204 et
218 1166 299 1203 duo
329 1171 438 1213 rapta
467 1175 587 1200 manu
617 1161 772 1199 diverso
802 1172 849 1197 ex
878 1159 991 1196 hoste
1021 1166 1181 1207 tropaea

151 1236 292 1285 bisque
321 1234 580 1283 triumphatas
611 1239 779 1280 utroque
808 1229 859 1268 ab
888 1230 1001 1268 litore
1029 1236 1178 1279 gentes.

152 1306 321 1345 Stabunt
351 1312 389 1343 et
420 1304 521 1342 Parii
550 1303 713 1352 lapides,
746 1301 933 1351 spirantia
962 1301 1082 1350 signa,

153 1377 334 1415 Assaraci
365 1376 494 1425 proles
524 1374 799 1422 demissaeque
829 1371 880 1410 ab
911 1373 1007 1409 Iove
1040 1372 1167 1421 gentis

153 1449 315 1486 nomina
344 1448 526 1495 Trosque
556 1457 696 1494 parens
727 1450 766 1482 et
795 1443 940 1481 Troiae
970 1442 1165 1492 Cynthius
1195 1449 1343 1480 auctor.

155 1521 310 1558 Invidia
340 1519 475 1557 infelix
505 1518 640 1555 Furias
670 1528 911 1564 amnemque
940 1527 1120 1553 severum

153 1591 292 1640 Cocyti
323 1597 483 1637 metuet,
515 1596 719 1638 tortosque
750 1586 899 1625 Ixionis
927 1599 1076 1636 angues

154 1664 450 1710 immanemque
480 1667 606 1698 rotam
636 1665 675 1697 et
705 1671 786 1696 non
817 1657 1088 1707 exsuperabile
1117 1670 1265 1695 saxum.

156 1735 311 1771 Interea
342 1732 546 1782 Dryadum
577 1731 693 1768 silvas
726 1730 927 1778 saltusque
957 1741 1169 1778 sequamur

156 1805 335 1850 intactos,
367 1810 444 1849 tua,
479 1804 704 1848 Maecenas,
737 1800 844 1837 haud
874 1799 1009 1837 mollia
1041 1799 1158 1837 iussa.

154 1877 214 1913 Te
245 1875 329 1912 sine
359 1875 413 1911 nil
443 1874 566 1911 altum
596 1884 710 1909 mens
740 1871 926 1909 incohat:
967 1883 1017 1908 en
1046 1883 1118 1920 age
1147 1882 1287 1920 segnes

157 1958 295 1995 rumpe
324 1957 452 1983 moras
468 1958 477 1992 3
515 1950 630 1981 vocat
659 1942 808 1992 ingenti
838 1942 1010 1979 clamore
1039 1941 1254 1980 Cithaeron

156 2017 402 2066 Taygetique
432 2027 550 2052 canes
580 2014 845 2062 domitrixque
876 2013 1100 2062 Epidaurus
1129 2025 1333 2061 equorum,

158 2095 196 2126 et
226 2101 301 2125 vox
331 2098 495 2125 assensu
526 2070 733 2123 nemorum
764 2084 1005 2133 ingeminata
1034 2084 1211 2132 remugit.

163 2159 261 2195 Mox
290 2165 423 2195 tamen
453 2157 637 2194 ardentes
666 2155 847 2204 accingar
877 2154 1007 2192 dicere
1036 2166 1187 2203 pugnas

158 2229 336 2268 Caesaris
366 2235 404 2266 et
434 2239 582 2265 nomen
613 2226 718 2263 fama
747 2232 805 2263 tot
834 2225 934 2263 ferre
963 2237 1032 2274 per
1060 2237 1199 2272 annos,

157 2299 319 2337 Tithoni
352 2299 477 2348 prima
506 2304 602 2347 quot
631 2296 744 2335 abest
774 2295 824 2334 ab
855 2295 1004 2345 origine
1034 2295 1190 2334 Caesar.

1439 321 1478 344 20

1442 676 1479 708 25

1441 1029 1482 1060 30

1444 1385 1484 1417 35

1445 2101 1485 2132 45
