1674 2532
713 34 733 50 tv

561 128 713 160 LIBER
744 128 812 161 JV.
874 120 1088 175 384—443.
1433 119 1481 159 61

163 234 316 280 videris,
348 233 506 282 incepto
535 240 680 282 tegeret
711 245 801 270 cum
830 233 979 271 lumina
1008 233 1174 271 somno.'
1185 270 1229 305 w

219 306 333 342 Haec
360 305 413 341 ait
444 310 482 342 et
512 302 706 353 liquidum
735 303 956 342 ambrosiae
985 304 1170 355 diffundit
1191 275 1375 350 odorem,
1422 319 1484 349 415
1472 307 1511 328 ‚a

163 386 242 422 quo
271 380 397 411 totum
428 374 507 411 nati
537 386 680 423 corpus
710 374 914 425 perduxit3
953 381 991 411 at
1021 374 1074 410 illi
1130 380 1141 399 ‘2

161 444 287 481 dulcis
315 436 544 495 c5'r11p9sitis
575 445 732 493 spiravit
761 444 933 481 crinibus
963 456 1066 496 aura,
1103 452 1141 466 ⁴*

48 546 60 558 υ
138 509 277 563 ”atque
307 514 447 566 habilis
477 514 664 552 membris
695 515 800 552 venit
830 515 949 564 vigor.
1007 515 1077 552 Est
1107 527 1246 564 specus
1277 515 1413 564 ingens

161 586 265 623 exesi
294 585 412 623 latere
442 586 481 622 in
512 586 668 632 montis,
700 598 780 634 qup
809 585 976 634 plurima
1005 591 1123 622 vento
1162 582 1197 615 Τ

159 656 310 704 cogitur
339 655 457 704 inque
487 655 594 693 sinus
625 656 882 703 scinditssese
912 656 1019 693 unda
1047 656 1241 702 reductos,
1276 650 1301 669 '³'
1421 673 1485 703 420

159 726 361 775 deprensis
391 726 485 763 olim
515 726 630 782 statio
660 713 854 763 tutissima
884 726 1040 773 nauti53

158 796 262 834 intus
292 809 333 834 se
362 797 459 834 vasti
491 798 655 834 Proteus
685 796 779 845 tegit
808 795 937 834 obiice
967 797 1059 834 saxi.

159 868 241 906 Hic
269 867 452 905 iuvenem
484 868 524 904 in
554 866 711 905 latebris
741 879 919 905 aversum
949 879 971 904 a
1000 867 1149 905 lumine
1181 868 1364 916 Nympha

156 939 334 985 collocat,
366 938 448 987 ipsa
478 921 623 992 brt->culs
644 937 798 975 nebulis
814 936 994 989 *obscura
1023 938 1175 988 resistit.

141 1009 244 1046 'Iam
274 1009 439 1061 rapidus
462 1016 613 1046 torrens
645 1008 820 1045 sitientes
851 1008 971 1045 Sirius
1002 994 1126 1045 Indos
1222 986 1295 1035 (ῑΐὲ
1417 1020 1499 1055 425⁵

155 1079 318 1117 ardebat
348 1065 468 1126 caelo,
501 1086 538 1116 et
568 1079 744 1116 medium
774 1079 832 1116 sol
862 1078 998 1127 igneus
1029 1077 1164 1128 orbem
1202 1090 1209 1104 υ

156 1151 364 1204 hauseram
402 1148 564 1187 arebant
595 1148 751 1195 herbae,
783 1155 821 1186 et
851 1161 945 1210 σεξ-ἐι
975 1149 1137 1186 flumina
1168 1149 1280 1202 siccis
1300 1163 1304 1178 ¹·

153 1211 333 1268 faucibus
362 1220 413 1257 ad
442 1220 578 1256 limum
610 1219 706 1257 radii
736 1219 1207 1273 tepefacta-coquebant:
1243 1231 1254 1238 ·’

154 1302 245 1327 cum
277 1291 440 1327 Proteus
469 1296 658 1327 consueta
687 1296 825 1338 petens
855 1301 876 1326 e
905 1289 1088 1326 fluctibus
1117 1296 1226 1327 antra

154 1359 234 1398 ibat
250 1374 261 1407 3
300 1373 390 1398 eum
420 1360 518 1411 vasti
548 1360 695 1397 circum
724 1359 983 1411 genscumida
1012 1360 1123 1408 ponti
1415 1377 1479 1409 430

154 1432 350 1479 exsultans
380 1444 505 1484 rorem
536 1431 612 1469 late
641 1430 827 1479 dispergit
856 1443 1042 1467 amarum.

153 1503 340 1540 Sternunt
370 1514 411 1540 se
440 1514 582 1540 somno
612 1501 788 1539 diversae
818 1501 856 1537 in
887 1501 999 1538 litore
1029 1501 1180 1550 phocae
1197 1515 1206 1548 3
1261 1514 1264 1520 ’

152 1573 235 1621 ipse
264 1573 369 1610 velut
399 1572 541 1610 stabuli
570 1579 701 1609 custos
731 1572 771 1608 in
800 1570 1001 1609 montibus
1031 1572 1136 1618 olim,

151 1655 288 1692 vesper
317 1642 384 1680 ubi
415 1655 436 1680 e
465 1649 577 1691 pastu
607 1642 748 1679 vitulos
777 1641 828 1679 ad
857 1648 960 1679 tecta
989 1642 1150 1688 reducit,

149 1713 372 1762 auditisque
401 1714 514 1763 lupos
543 1720 690 1765 acqunt
718 1711 913 1750 balatibus
943 1713 1044 1762 agni,
1411 1730 1474 1763 435

150 1784 319 1822 considit
349 1784 512 1833 scopulo
542 1770 707 1830 medius,
740 1796 1028 1832 numerumque
1057 1791 1244 1822 recenset.

150 1855 274 1893 Cuius
304 1855 484 1892 Aristaeo
513 1855 701 1909 quoniam
732 1861 789 1892 est
819 1853 951 1891 oblata
979 1854 1154 1901 facultas,

148 1926 211 1963 vix
240 1926 557 1980 defessam-:senem
588 1937 725 1974 passus
755 1937 995 1974 componere
1025 1925 1201 1962 membra

147 2009 239 2033 cum
268 1997 439 2034 clamore
468 1996 543 2033 ruit
572 2008 727 2045 magno,
759 1996 1002 2044 manicisque
1032 1995 1226 2033 iacentem
1275 2014 1300 2025 e

148 2073 325 2120 occupat.
385 2067 457 2104 Ille
487 2079 579 2104 suae
608 2073 743 2103 contra
772 2078 852 2103 non
882 2066 1089 2103 immemor
1117 2067 1208 2103 artis
1408 2085 1472 2116 440

147 2137 280 2175 omnia
308 2137 556 2175 transformat
586 2149 672 2174 sese
701 2137 740 2173 in
770 2137 973 2186 miracula*
985 2149 1125 2183 rerum,

147 2208 358 2257 ignemque
387 2205 693 2256 horribilemque
722 2207 844 2245 feram
873 2193 1116 2257 fluviumque
1144 2207 1372 2256 liquentem.

146 2279 295 2318 Verum
325 2277 392 2316 ubi
423 2278 528 2316 nulla
557 2278 689 2327 sugam
720 2278 860 2328 reperit
889 2278 1050 2325 fallacia,
1081 2278 1206 2316 victus
