1674 2532
167 148 223 189 50
702 142 829 174 GEOR
837 139 961 175 GJCA.

191 302 382 350 103—148.
441 300 548 337 How
578 304 613 337 to
641 299 732 336 deal
755 299 850 336 wz'tlz
880 309 1015 335 revers.
1076 294 1313 344 Descrzjsstivf}
1340 293 1482 343 episode

689 382 736 407 on
760 368 986 418 gardening.

221 461 273 497 At
304 472 393 496 cum
425 459 571 496 incerta
601 458 734 494 volant
764 456 955 504 caeloque
985 454 1164 492 examina
1193 453 1345 509 ludunt,
1358 448 1367 463 ²

167 537 510 578 contemnuntque
540 529 648 565 favos
678 534 715 565 et
747 526 883 575 frigida
912 532 1015 563 tecta
1045 525 1282 573 relinquunt,

168 600 369 649 insta-biles
399 600 553 636 animos
583 598 678 635 ludo
708 596 937 646 prohibebis
969 595 1087 632 inani.
1433 608 1491 639 105

169 672 253 708 Nec
283 682 448 719 magnus
479 668 687 718 prohibere
716 667 854 705 labor:
893 673 933 704 tu
965 665 1121 715 regibus
1150 666 1230 702 alas

167 742 297 790 eripe;
336 753 416 778 non
447 740 520 777 illis
550 740 760 788 quisquam
790 736 1069 775 cunctantibus
1099 736 1221 774 altum

167 812 221 849 ire
251 812 321 849 iter
350 817 417 848 aut
446 810 581 847 castris
611 809 774 847 audebit
804 809 946 846 vellere
976 807 1095 856 signa.

169 882 342 919 Invitent
373 881 522 918 croceis
552 880 730 917 halantes
760 878 921 916 floribus
952 878 1065 924 horti,

168 959 206 990 et
236 958 368 989 custos
398 952 528 988 furum
558 957 677 999 atque
706 950 837 987 avium
868 962 959 986 cum
989 949 1088 986 falce
1118 949 1264 997 saligna
1435 962 1495 984 110

170 1022 484 1071 Hellespontiaci
514 1028 638 1060 servet
667 1008 797 1058 tutela
820 1020 959 1068 Priapi.

170 1094 261 1142 Ipse
290 1093 469 1142 thymum
499 1092 694 1141 pinosque
723 1091 851 1129 ferens
881 1091 931 1128 de
961 1090 1163 1127 montibus
1194 1090 1280 1127 altis

167 1171 270 1201 tecta
299 1171 399 1201 serat
429 1164 506 1201 late
535 1163 695 1209 circum,
727 1162 789 1199 cui
819 1162 910 1199 talia
939 1173 1079 1207 curae3

169 1235 252 1283 ipse
283 1234 416 1272 labore
447 1246 609 1271 manum
639 1233 738 1271 duro
768 1239 876 1279 terat,
909 1232 992 1281 ipse
1020 1232 1168 1269 feraces

170 1305 260 1354 figat
290 1305 412 1342 humo
443 1280 596 1353 plantas
627 1310 665 1342 et
694 1303 843 1341 amicos
873 1302 1001 1358 irriget
1032 1301 1187 1340 imbres.
1438 1317 1494 1349 115

187 1425 191 1429 Ι
222 1378 355 1426 Atque
384 1375 583 1424 equidem,
612 1381 786 1412 extremo
816 1374 855 1410 ni
886 1374 964 1410 iam
994 1373 1067 1410 sub
1099 1374 1178 1411 fine
1208 1373 1385 1411 laborum

168 1447 253 1484 vela
282 1447 432 1484 traham
463 1453 501 1483 et
530 1446 639 1483 terris
669 1445 851 1482 festinem
881 1444 1083 1482 advertere
1113 1457 1279 1493 proram,

168 1518 329 1555 forsitan
359 1524 408 1564 et,
440 1517 604 1566 pingues
634 1516 769 1554 hortos
799 1527 900 1565 quae
930 1527 1022 1552 cura
1051 1516 1208 1553 colendi

170 1595 335 1634 ornaret,
368 1599 562 1634 canerem,
594 1586 787 1635 biferique
816 1587 960 1624 rosaria
991 1587 1131 1633 Paesti,

170 1671 330 1708 quoque
359 1658 482 1696 modo
511 1658 614 1707 potis
642 1657 858 1707 gauderent
888 1656 1026 1701 intuba
1055 1657 1143 1694 rivis
1440 1673 1498 1695 120

170 1736 208 1767 et
238 1729 380 1767 virides
409 1729 500 1778 apio
530 1729 647 1778 ripae,
679 1727 885 1783 tortusque
915 1740 983 1777 per
1012 1727 1175 1766 herbam

171 1807 361 1838 cresceret
391 1800 431 1836 in
461 1806 637 1837 ventrem
667 1799 874 1846 cucumis;
913 1811 986 1836 nec
1015 1811 1100 1836 sera
1128 1805 1352 1837 comantem

171 1871 387 1915 narcissum
417 1877 484 1908 aut
514 1870 602 1908 flexi
631 1870 841 1908 tacuissem
871 1870 1001 1908 vimen
1032 1870 1189 1907 acanthi

172 1942 444 1991 pallentesque
474 1941 639 1979 hederas
669 1947 707 1979 et
735 1947 913 1978 amantes
944 1941 1056 1978 litora
1086 1947 1243 1990 myrtos.

173 2012 357 2062 Namque
386 2011 460 2049 sub
490 2011 681 2060 Oebaliae
710 2012 874 2050 memini
903 2023 968 2049 me
997 2011 1168 2049 turribus
1196 2011 1294 2057 altis,
1440 2026 1497 2057 125

171 2095 249 2132 qua
279 2083 387 2132 niger
417 2089 589 2121 umectat
620 2082 802 2120 flaventia
831 2083 937 2120 culta
966 2082 1167 2129 Galaesus,

173 2154 382 2202 Corycium
414 2153 558 2191 vidisse
589 2165 737 2200 senem,
769 2153 831 2190 cui
862 2165 987 2202 pauca
1016 2153 1138 2190 relicti

172 2226 303 2274 iugera
333 2224 429 2262 ruris
459 2231 579 2271 erant,
611 2236 685 2262 nec
715 2224 851 2278 fertilis
853 2224 943 2285 -jlla
972 2224 1146 2261 iuvencis

172 2307 246 2334 nec
275 2296 406 2345 pecori
437 2302 660 2345 opportuna
690 2307 801 2345 seges
831 2284 904 2333 1⁴52}
934 2295 1146 2333 commoda
1179 2295 1347 2332 Baccho.
