1674 2532
599 124 751 156 LIBER
783 124 847 157 JV.
912 116 1118 168 157—216.

202 230 418 276 admonuit,
450 235 533 266 tum
564 236 666 266 tecta
695 235 845 278 petunt,
877 235 959 266 tum
989 240 1152 276 corpora
1181 232 1317 264 curant
1332 240 1342 273 ;

203 301 245 337 fit
275 300 425 337 sonitus
456 307 713 348 mussantque
743 311 829 336 oras
859 305 897 336 et
926 298 1061 335 limina
1090 298 1248 335 circum.

204 372 296 408 Post
326 370 394 408 ubi
426 371 502 407 iam
535 370 716 407 thalamis
746 382 788 407 se
818 381 1087 424 composuere,
1120 369 1253 406 siletur

200 442 238 477 in
269 448 439 487 noctem,
471 441 673 489 fessosque
702 453 820 488 sopor
847 452 940 496 suus
969 445 1136 487 occupat
1164 445 1280 475 artus.

202 511 286 548 Nec
315 523 407 548 vero
435 523 457 548 a
487 510 649 548 stabulis
678 511 809 559 pluvia
837 498 1092 558 im‘pendente
1121 508 1310 546 recedunt

199 581 362 630 longius,
394 588 461 618 aut
490 581 654 619 credunt
683 581 793 618 caelo
822 579 1126 618 adventantibus
1157 579 1297 625 Euris;

197 651 266 688 sed
296 651 442 688 circum
473 658 579 689 tutae
609 651 682 688 sub
712 650 920 688 moenibus
950 650 1055 687 urbis
1085 657 1279 698 aquantur

197 734 461 770 excursusque
492 721 629 759 breves
660 728 823 768 tentant,
857 729 893 758 et
924 733 1040 769 saepe
1069 721 1232 768 lapillos,

195 800 236 829 ut
265 792 433 830 cumbae
463 792 664 830 instabiles
694 792 813 829 fluctu
844 792 1013 829 iactante
1042 790 1252 836 saburram,

194 858 345 908 tollunt,
379 862 438 899 his
468 875 553 900 sese
582 875 650 911 per
679 862 811 899 inania
841 861 974 899 nubila
1004 861 1155 911 librant.

196 933 312 969 Illum
343 933 444 970 adeo
474 933 668 981 placuisse
696 932 836 981 apibus
867 931 1059 969 mirabere
1088 944 1250 977 morem,

194 1003 301 1051 quod
332 1015 460 1052 neque
489 1003 703 1040 concubitu
734 1003 949 1051 indulgent,
982 1015 1055 1040 nec
1084 1014 1249 1050 corpora
1279 1013 1417 1050 segnes

193 1074 231 1109 in
262 1074 459 1110 Venerem
490 1074 647 1110 solvunt
676 1080 742 1110 aut
772 1074 872 1110 fetus
902 1072 1058 1110 nixibus
1088 1073 1234 1119 edunt3

194 1156 329 1181 verum
360 1144 467 1192 ipsae
496 1157 517 1182 e
548 1144 649 1181 foliis
679 1151 792 1181 natos
822 1151 859 1181 et
889 1142 1073 1180 suavibus
1104 1141 1234 1180 herbis

193 1227 258 1251 ore
287 1196 431 1263 legunt,
464 1215 570 1263 ipsae
599 1227 730 1263 regem
759 1225 978 1262 parvosque
1009 1214 1180 1261 Quirites

192 1285 399 1332 sufficiunt,
430 1286 617 1334 aulasque
647 1292 684 1322 et
713 1297 825 1322 cerea
855 1297 972 1333 regna
1001 1285 1207 1333 refingunt.

190 1354 314 1403 Saepe
344 1355 461 1392 etiam
491 1355 596 1392 duris
626 1355 792 1393 errando
822 1355 860 1391 in
892 1354 1046 1392 cotibus
1075 1355 1154 1392 alas

188 1426 378 1472 attrivere,
410 1426 590 1477 ultroque
618 1426 790 1462 animam
820 1425 894 1463 sub
924 1426 1027 1463 fasce
1057 1425 1224 1463 dedere:

191 1503 322 1533 tantus
351 1508 462 1533 amor
491 1496 630 1533 florum
661 1503 699 1533 et
727 1496 939 1544 generandi
969 1496 1090 1545 gloria
1118 1496 1255 1533 mellis.

190 1567 294 1615 Ergo
324 1567 426 1614 ipsas
456 1566 633 1615 quamvis
662 1567 816 1615 angusti
847 1567 1036 1604 terminus
1065 1567 1149 1604 aevi

187 1637 354 1686 excipiat
385 1635 532 1686 (neque
562 1636 667 1674 enim
697 1638 784 1685 plus
814 1638 980 1686 septima
1009 1638 1165 1675 ducitur
1192 1636 1346 1687 aestas),

186 1704 224 1745 at
253 1720 376 1756 genus
406 1707 627 1758 immortale
656 1715 799 1755 manet,
832 1708 1056 1757 multosque
1085 1721 1153 1757 per
1183 1721 1309 1746 annos

186 1786 260 1815 stat
288 1778 444 1832 fortuna
473 1778 626 1824 domus,
658 1785 696 1815 et
725 1778 786 1815 avi
816 1786 1070 1831 numerantur
1098 1792 1271 1817 avorum.

188 1851 391 1887 Praeterea
414 1840 550 1897 'regem
581 1860 662 1886 non
693 1849 748 1886 sic
777 1850 978 1898 Aegyptus
1007 1857 1044 1887 et
1074 1850 1211 1898 ingens

189 1919 311 1968 Lydia
340 1931 413 1956 nec
442 1919 577 1968 populi
609 1920 840 1956 Parthorum
869 1927 936 1957 aut
967 1920 1112 1957 Medus
1145 1921 1355 1969 Hydaspes

184 1989 402 2026 observant.
463 1990 574 2038 Rege
604 1990 792 2026 incolumi
822 2003 934 2027 niens
964 1990 1150 2028 omnibus
1180 2004 1257 2029 una
1287 1998 1370 2039 est,

183 2060 328 2097 amisso
357 2072 495 2108 rupere
525 2060 656 2106 fidem,
688 2067 991 2109 constructaque
1021 2062 1138 2099 mella

127 2118 131 2126 ’
183 2129 376 2178 diripuere
406 2130 511 2178 ipsae
541 2137 579 2167 et
608 2137 732 2168 crates
762 2131 910 2168 solvere
939 2131 1126 2169 favorum.

185 2199 256 2236 Ille
285 2211 448 2247 operum
479 2207 622 2246 custos,
655 2201 764 2238 illum
793 2201 1035 2238 admirantur
1063 2209 1101 2239 et
1131 2209 1270 2240 omnes

182 2269 438 2307 circumstant
464 2270 618 2308 fremitu
649 2271 773 2309 denso
804 2272 1029 2321 stipantque
1060 2273 1296 2322 frequentes,

1466 120 1521 166 53

1463 453 1521 483 ¹90

1459 805 1517 837 195

1455 1157 1516 1179 200

1453 1511 1511 1543 ²05

1450 1866 1509 1887 210
