1674 2532
525 157 678 189 LIBER
709 158 782 190 [Π.
848 162 863 189 1
875 159 984 202 77-2
989 161 1058 204 31.
1400 159 1452 202 33

133 265 290 314 Belgica
318 263 379 302 vel
408 262 516 300 molli
545 263 684 300 melius
713 263 809 301 feret
838 262 976 300 esseda
1004 262 1116 300 collo.

132 337 238 373 Tum
267 335 429 372 demum
458 346 586 371 crassa
614 346 802 382 magnum
833 333 1021 382 farragine
1050 344 1191 381 corpus
1394 347 1453 378 205

132 417 304 443 crescere
333 405 411 441 iam
441 403 600 442 domitis
630 404 774 441 sinito:
814 416 986 453 namque
1014 409 1107 440 ante
1136 401 1381 440 domandum

132 476 309 525 ingentes
338 475 476 512 tollent
505 474 670 520 animos,
701 474 912 522 prensique
942 473 1142 522 negabunt

131 545 293 584 verbera
320 546 426 583 lenta
455 545 535 593 pati
564 551 602 582 et
632 544 738 582 duris
768 556 903 593 parere
932 544 1084 593 lupatis.

189 679 384 716 209-241.
441 665 720 713 llscznagement
745 664 792 713 of
809 665 917 702 bulls.
976 665 1014 701 Α
1044 664 1188 702 combat
1213 663 1406 701 described.

186 753 265 792 Sed
295 766 376 791 non
407 753 485 790 ulla
514 753 636 802 magis
666 753 763 790 vires
792 752 983 790 industria
1013 752 1150 798 firmat,

133 836 253 873 quam
282 825 480 862 Venerem
510 830 549 861 et
579 823 684 860 caeci
715 822 894 860 stimulos
923 828 1096 859 avertere
1124 822 1279 868 amoris,
1395 837 1455 858 210

133 895 214 932 sive
242 893 366 932 boum
396 894 476 932 sive
506 900 565 931 est
593 893 656 930 cui
684 893 827 942 gratior
856 905 949 930 usus
979 904 1183 941 equorum.

133 966 266 1014 Atque
294 965 385 1002 ideo
414 971 545 1002 tauros
574 964 711 1013 procul
740 970 860 1013 atque
889 964 929 1000 in
959 964 1042 1001 sola
1072 963 1245 1012 relegant

132 1048 278 1085 pascua
306 1041 396 1084 post
425 1041 603 1072 montem
633 1034 859 1083 oppositum
889 1042 927 1072 et
957 1041 1062 1072 trans
1092 1034 1254 1071 flumina
1283 1034 1370 1079 lata,

131 1113 199 1145 aut
228 1106 331 1143 intus
361 1106 515 1143 clausos
545 1112 672 1143 satura
701 1105 751 1142 ad
781 1105 984 1154 praesepia
1013 1111 1178 1142 servant.

134 1177 269 1226 Carpit
298 1177 404 1215 enim
432 1177 532 1214 vires
560 1176 748 1225 paulatim
778 1176 931 1225 uritque
960 1176 1134 1214 videndo
1395 1190 1453 1222 215

133 1248 290 1295 femina,
322 1259 396 1285 nec
425 1259 632 1284 nemorum
661 1247 804 1295 patitur
833 1246 1060 1284 meminisse
1089 1259 1162 1284 nec
1192 1245 1336 1284 herbae

133 1317 316 1356 dulcibus
345 1318 409 1354 illa
438 1317 600 1366 quidem
629 1316 831 1364 illecebris,
863 1324 901 1354 et
931 1329 1047 1366 saepe
1076 1316 1266 1367 superbos

133 1387 319 1426 cornibus
349 1388 449 1425 inter
478 1400 519 1426 se
548 1387 692 1437 subigit
722 1388 932 1426 decernere
961 1394 1149 1426 amantes.

135 1459 311 1497 Pascitur
340 1459 379 1496 in
409 1471 551 1508 magna
580 1459 659 1496 Sila
688 1459 859 1496 formosa
888 1459 1078 1497 iuvenca:

133 1530 188 1568 illi
216 1530 453 1568 alternantes
482 1530 604 1567 multa
632 1529 669 1567 vi
697 1529 844 1578 proelia
866 1529 1033 1567 miscent
1397 1545 1457 1566 220

133 1600 361 1639 vulneribus
390 1599 545 1646 crebris,
576 1600 668 1637 lavit
696 1606 778 1638 ater
806 1612 970 1649 corpora
999 1599 1166 1649 sanguis,

133 1682 323 1719 versaque
352 1670 392 1707 in
421 1669 587 1708 obnixos
617 1676 802 1719 urgentur
829 1683 976 1708 cornua
1004 1677 1115 1708 vasto

134 1754 226 1779 curn
254 1742 412 1791 gemitu,
444 1740 608 1779 reboant
636 1741 834 1790 silvaeque
862 1748 900 1780 et
928 1742 1067 1791 longus
1097 1741 1299 1791 Olympus.

136 1813 222 1851 Nec
251 1824 337 1850 mos
367 1811 559 1850 bellantes
588 1824 666 1849 una
696 1810 902 1860 stabulare,
935 1812 1005 1850 sed
1033 1812 1130 1850 alter

133 1883 259 1921 victus
287 1882 380 1929 abit,
413 1883 608 1932 longeque
637 1883 779 1932 ignotis
808 1883 956 1921 exsulat
985 1883 1073 1931 oris,
1397 1900 1455 1932 225

134 1955 257 1993 multa
284 1967 446 2004 gemens
476 1954 732 2004 ignominiam
761 1954 974 2004 plagasque
1002 1954 1160 2004 superbi

132 2027 300 2073 victoris,
332 2033 416 2064 tum
445 2039 544 2076 quos
573 2026 702 2064 amisit
731 2027 877 2064 inultus
906 2039 1071 2074 amores,

134 2104 173 2136 et
202 2096 356 2135 stabula
384 2104 590 2146 aspectans
620 2097 748 2147 regnis
776 2097 941 2135 excessit
969 2098 1091 2135 avitis.

135 2170 241 2223 Ergo
271 2169 380 2206 omni
410 2181 502 2206 cura
530 2168 631 2207 vires
660 2175 824 2216 exercet,
856 2176 894 2207 et
924 2169 1024 2207 inter

134 2240 232 2278 dura
260 2239 360 2277 iacet
389 2251 537 2289 pernox
566 2239 728 2277 instrato
757 2252 847 2277 saxa
875 2238 995 2278 cubili
1396 2255 1457 2286 230

1162 2312 1184 2328 Q

135 2309 338 2349 frondibus
368 2310 525 2348 hirsutis
554 2316 593 2349 et
621 2311 747 2349 carice
776 2316 908 2360 pastus
937 2317 1061 2356 acuta,

789 2394 811 2421 c
